,time,type,size,price,direction
2019-12-16 09:30:00.015105000,34200.015105074,4,4,5794000,1
2019-12-16 09:30:00.059902000,34200.05990197,4,300,5794000,1
2019-12-16 09:30:00.113247000,34200.113246707,5,1,5795100,1
2019-12-16 09:30:00.113247000,34200.113246707,5,1,5795000,1
2019-12-16 09:30:00.113247000,34200.113246707,5,1,5794900,1
2019-12-16 09:30:00.113247000,34200.113246707,5,1,5794800,1
2019-12-16 09:30:00.113247000,34200.113246707,4,167,5794000,1
2019-12-16 09:30:00.203135000,34200.203135277,4,29,5794000,1
2019-12-16 09:30:00.203135000,34200.203135277,4,100,5794000,1
2019-12-16 09:30:00.207763000,34200.207763353,4,1,5794000,-1
2019-12-16 09:30:00.236450000,34200.236450238,4,11,5794000,1
2019-12-16 09:30:00.249457000,34200.249457498,4,29,5794000,1
2019-12-16 09:30:00.358657000,34200.35865663,5,4,5797300,-1
2019-12-16 09:30:00.696340000,34200.696339803,5,100,5794600,1
2019-12-16 09:30:00.696340000,34200.696339803,4,59,5794000,1
2019-12-16 09:30:00.696340000,34200.696339803,4,12,5794000,1
2019-12-16 09:30:01.445574000,34201.44557354,4,88,5794000,1
2019-12-16 09:30:01.445574000,34201.44557354,4,75,5791900,1
2019-12-16 09:30:01.445574000,34201.44557354,5,37,5791800,1
2019-12-16 09:30:02.184836000,34202.184836108,5,63,5791800,1
2019-12-16 09:30:02.184836000,34202.184836108,5,29,5791300,1
2019-12-16 09:30:04.414462000,34204.414461644,5,6,5791700,1
2019-12-16 09:30:05.266040000,34205.266040346,5,30,5791700,1
2019-12-16 09:30:05.266040000,34205.266040346,5,15,5791300,1
2019-12-16 09:30:05.621656000,34205.621656362004,5,28,5791300,1
2019-12-16 09:30:06.021459000,34206.021458867996,5,100,5791300,1
2019-12-16 09:30:06.027622000,34206.027622462,5,28,5791300,1
2019-12-16 09:30:06.027622000,34206.027622462,4,72,5791200,1
2019-12-16 09:30:06.029906000,34206.029906382,4,28,5791200,1
2019-12-16 09:30:06.029906000,34206.029906382,4,28,5791200,1
2019-12-16 09:30:06.029906000,34206.029906382,4,44,5791200,1
2019-12-16 09:30:06.335545000,34206.335544635,4,34,5791200,1
2019-12-16 09:30:06.335545000,34206.335544635,4,22,5791200,1
2019-12-16 09:30:06.335545000,34206.335544635,4,4,5791200,1
2019-12-16 09:30:06.335545000,34206.335544635,4,6,5791200,1
2019-12-16 09:30:06.335545000,34206.335544635,4,7,5791200,1
2019-12-16 09:30:06.335545000,34206.335544635,4,10,5791200,1
2019-12-16 09:30:06.335545000,34206.335544635,4,9,5791200,1
2019-12-16 09:30:06.335545000,34206.335544635,4,24,5791200,1
2019-12-16 09:30:11.058978000,34211.058977504,4,19,5790000,1
2019-12-16 09:30:12.141430000,34212.141429731004,4,21,5790000,1
2019-12-16 09:30:12.141430000,34212.141429731004,4,1,5790000,1
2019-12-16 09:30:12.141430000,34212.141429731004,4,1,5789900,1
2019-12-16 09:30:12.141430000,34212.141429731004,5,3,5789900,1
2019-12-16 09:30:12.141430000,34212.141429731004,5,3,5789300,1
2019-12-16 09:30:12.171866000,34212.171865865,4,100,5785100,-1
2019-12-16 09:30:12.171969000,34212.171969276,4,9,5785000,1
2019-12-16 09:30:12.204574000,34212.204573983996,4,10,5782100,1
2019-12-16 09:30:12.204574000,34212.204573983996,4,5,5780000,1
2019-12-16 09:30:12.204574000,34212.204573983996,4,5,5780000,1
2019-12-16 09:30:12.204574000,34212.204573983996,4,28,5780000,1
2019-12-16 09:30:12.204574000,34212.204573983996,4,50,5780000,1
2019-12-16 09:30:12.204574000,34212.204573983996,4,2,5780000,1
2019-12-16 09:30:12.204792000,34212.204791502,5,100,5780900,1
2019-12-16 09:30:12.204963000,34212.204962809,5,409,5780200,1
2019-12-16 09:30:12.204963000,34212.204962809,5,100,5780100,1
2019-12-16 09:30:12.204963000,34212.204962809,4,84,5780000,1
2019-12-16 09:30:12.205221000,34212.20522105,4,1,5779900,1
2019-12-16 09:30:12.205260000,34212.205259616,5,99,5779700,-1
2019-12-16 09:30:12.205260000,34212.205259616,5,1,5779700,-1
2019-12-16 09:30:12.205325000,34212.205324774,5,199,5779700,-1
2019-12-16 09:30:12.205325000,34212.205324774,4,1,5780000,-1
2019-12-16 09:30:12.206550000,34212.206550349,5,200,5780300,1
2019-12-16 09:30:12.206877000,34212.206876537,5,100,5780500,1
2019-12-16 09:30:12.206877000,34212.206876537,5,100,5780100,1
2019-12-16 09:30:12.207179000,34212.207179106,5,100,5780100,1
2019-12-16 09:30:12.207179000,34212.207179106,4,100,5780000,1
2019-12-16 09:30:12.207362000,34212.207361737004,4,100,5780000,1
2019-12-16 09:30:12.245938000,34212.24593772,5,100,5775400,1
2019-12-16 09:30:12.246236000,34212.246235883,5,100,5775400,1
2019-12-16 09:30:12.246402000,34212.24640177,5,100,5775200,1
2019-12-16 09:30:12.246574000,34212.246573827004,4,10,5775100,1
2019-12-16 09:30:12.246574000,34212.246573827004,4,90,5775100,1
2019-12-16 09:30:12.246786000,34212.24678587,4,10,5775100,1
2019-12-16 09:30:12.246962000,34212.246961714,4,66,5775100,1
2019-12-16 09:30:12.280186000,34212.28018577,4,2,5774500,1
2019-12-16 09:30:12.280251000,34212.280250969,4,1,5774500,1
2019-12-16 09:30:12.284162000,34212.284162466,4,2,5775100,-1
2019-12-16 09:30:12.295580000,34212.29557982,4,2,5775100,-1
2019-12-16 09:30:12.705132000,34212.705131581,4,98,5775100,1
2019-12-16 09:30:12.705132000,34212.705131581,5,2,5774500,1
2019-12-16 09:30:17.181120000,34217.181119739,5,100,5775900,1
2019-12-16 09:30:17.206705000,34217.206704761,5,100,5781100,-1
2019-12-16 09:30:17.209298000,34217.209297906,5,100,5781300,-1
2019-12-16 09:30:17.210470000,34217.210470267004,5,100,5781300,-1
2019-12-16 09:30:17.362202000,34217.362201857,5,70,5776000,1
2019-12-16 09:30:17.728213000,34217.728212546004,5,30,5776000,1
2019-12-16 09:30:17.728213000,34217.728212546004,5,70,5775800,1
2019-12-16 09:30:18.874750000,34218.874750308,5,20,5775600,1
2019-12-16 09:30:22.397808000,34222.39780826,4,100,5778900,-1
2019-12-16 09:30:22.793556000,34222.793555904,5,100,5778500,1
2019-12-16 09:30:23.647339000,34223.647338812,4,10,5779600,-1
2019-12-16 09:30:23.681088000,34223.681087941004,4,100,5780700,-1
2019-12-16 09:30:23.681446000,34223.681445643,4,75,5780700,-1
2019-12-16 09:30:23.713771000,34223.713770607996,5,100,5778500,1
2019-12-16 09:30:23.713771000,34223.713770607996,5,50,5778300,1
2019-12-16 09:30:25.021027000,34225.021027413,5,100,5779500,1
2019-12-16 09:30:26.583373000,34226.583373372,4,100,5782800,1
2019-12-16 09:30:26.585369000,34226.585368555,4,150,5782800,1
2019-12-16 09:30:27.625526000,34227.625525691,5,2,5787900,-1
2019-12-16 09:30:27.625665000,34227.62566495,5,2,5787900,-1
2019-12-16 09:30:27.625791000,34227.625791487,5,2,5787900,-1
2019-12-16 09:30:27.625913000,34227.625912851,5,2,5787900,-1
2019-12-16 09:30:27.626039000,34227.626038965,5,2,5787900,-1
2019-12-16 09:30:27.626161000,34227.626161087,5,2,5787900,-1
2019-12-16 09:30:27.626284000,34227.626283595,5,2,5787900,-1
2019-12-16 09:30:27.626402000,34227.626401978,5,2,5787900,-1
2019-12-16 09:30:27.626532000,34227.62653247,4,2,5788000,-1
2019-12-16 09:30:29.301777000,34229.301777106004,5,100,5787400,1
2019-12-16 09:30:29.352211000,34229.352211213,4,100,5786800,1
2019-12-16 09:30:29.515646000,34229.515645685,4,100,5786800,1
2019-12-16 09:30:29.812849000,34229.812848759,5,100,5783100,1
2019-12-16 09:30:30.223475000,34230.223475193,4,91,5790200,1
2019-12-16 09:30:30.223548000,34230.223548023,4,259,5790200,1
2019-12-16 09:30:32.540694000,34232.540694487005,4,100,5782800,1
2019-12-16 09:30:32.540740000,34232.540740456,5,100,5782800,1
2019-12-16 09:30:32.558801000,34232.558800822,4,100,5782800,1
2019-12-16 09:30:32.558801000,34232.558800822,5,100,5782800,1
2019-12-16 09:30:32.559216000,34232.559215782,4,100,5782800,1
2019-12-16 09:30:32.559216000,34232.559215782,5,60,5782800,1
2019-12-16 09:30:32.559735000,34232.559735463,4,100,5782800,1
2019-12-16 09:30:32.559735000,34232.559735463,5,100,5782800,1
2019-12-16 09:30:33.013882000,34233.01388213,4,100,5782800,1
2019-12-16 09:30:33.329980000,34233.32997973,5,100,5783100,1
2019-12-16 09:30:33.329980000,34233.32997973,4,100,5782800,1
2019-12-16 09:30:33.330226000,34233.330225647005,4,60,5782800,1
2019-12-16 09:30:33.330265000,34233.330264837,4,40,5782800,1
2019-12-16 09:30:33.564582000,34233.564581837,4,100,5782800,1
2019-12-16 09:30:33.564582000,34233.564581837,5,40,5782800,1
2019-12-16 09:30:37.639986000,34237.639985706,5,40,5778200,-1
2019-12-16 09:30:37.928798000,34237.928797996,5,60,5779000,1
2019-12-16 09:30:40.104069000,34240.104069363,5,100,5777200,-1
2019-12-16 09:30:43.151416000,34243.151415922,5,25,5772900,1
2019-12-16 09:30:45.699887000,34245.699886722,5,15,5773000,1
2019-12-16 09:30:45.699887000,34245.699886722,4,30,5772900,1
2019-12-16 09:30:45.699887000,34245.699886722,4,15,5772800,1
2019-12-16 09:30:51.132113000,34251.132113003,5,62,5777800,-1
2019-12-16 09:30:51.150185000,34251.150184642,5,13,5777000,-1
2019-12-16 09:30:51.154558000,34251.154558112,5,13,5777000,-1
2019-12-16 09:30:51.156563000,34251.156562692006,5,12,5777000,-1
2019-12-16 09:30:51.156563000,34251.156562692006,5,1,5777700,-1
2019-12-16 09:30:51.158185000,34251.158185259,5,13,5777700,-1
2019-12-16 09:30:51.216431000,34251.21643073,5,13,5777700,-1
2019-12-16 09:30:51.216675000,34251.216674662,5,13,5777700,-1
2019-12-16 09:30:51.222189000,34251.222189493,5,13,5777700,-1
2019-12-16 09:30:51.237905000,34251.237905132,5,13,5777700,-1
2019-12-16 09:30:51.757233000,34251.757232864,5,13,5777500,-1
2019-12-16 09:30:51.761441000,34251.761441498,5,13,5776600,-1
2019-12-16 09:30:57.587050000,34257.587050397,5,70,5774600,1
2019-12-16 09:30:59.507618000,34259.507617627,5,13,5777900,-1
2019-12-16 09:30:59.507619999,34259.5076196,5,13,5777900,-1
2019-12-16 09:30:59.507776000,34259.507775779,5,13,5777900,-1
2019-12-16 09:30:59.507891000,34259.507891039,5,13,5777900,-1
2019-12-16 09:30:59.508009000,34259.508008648,5,1,5777900,-1
2019-12-16 09:30:59.509229999,34259.509229885,5,13,5777900,-1
2019-12-16 09:30:59.509366000,34259.509366122,5,13,5777900,-1
2019-12-16 09:30:59.509507999,34259.509508025,5,13,5777900,-1
2019-12-16 09:30:59.509629000,34259.509629471,4,13,5778000,-1
2019-12-16 09:30:59.549525000,34259.54952459,5,183,5780600,-1
2019-12-16 09:31:01.379460000,34261.37945997,4,8,5775100,-1
2019-12-16 09:31:03.256699000,34263.256699352,5,13,5774500,1
2019-12-16 09:31:03.355986000,34263.35598571,5,50,5780400,-1
2019-12-16 09:31:03.355986000,34263.35598571,5,75,5780500,-1
2019-12-16 09:31:03.611743000,34263.611742748,4,6,5775100,-1
2019-12-16 09:31:21.375355000,34281.375355425,4,2,5779600,-1
2019-12-16 09:31:21.375358000,34281.375357868,5,2,5779600,-1
2019-12-16 09:31:23.723091000,34283.723091037995,5,1,5776600,1
2019-12-16 09:31:38.383549000,34298.383548936,5,22,5780500,1
2019-12-16 09:31:48.052914000,34308.052913807005,5,2,5779600,-1
2019-12-16 09:31:49.396296000,34309.396295704,5,1,5778600,1
2019-12-16 09:31:54.011659000,34314.011658762,4,2,5781700,-1
2019-12-16 09:31:54.290649000,34314.290648862,5,1,5778800,1
2019-12-16 09:31:54.434402000,34314.434401746,5,1,5781200,-1
2019-12-16 09:31:58.271721000,34318.271721332996,5,89,5782300,-1
2019-12-16 09:32:04.365502000,34324.365502337,5,100,5783200,-1
2019-12-16 09:32:04.367093000,34324.367092511,5,100,5783400,-1
2019-12-16 09:32:04.482830000,34324.482830426,5,100,5783400,-1
2019-12-16 09:32:05.383210000,34325.38321017,5,100,5780700,1
2019-12-16 09:32:05.385712000,34325.385711896,5,3,5780500,1
2019-12-16 09:32:05.385712000,34325.385711896,5,70,5780200,1
2019-12-16 09:32:05.385712000,34325.385711896,4,100,5780000,1
2019-12-16 09:32:05.385712000,34325.385711896,4,400,5780000,1
2019-12-16 09:32:11.156735000,34331.156735221004,5,3,5780000,-1
2019-12-16 09:32:14.143631000,34334.143631094,5,200,5780000,-1
2019-12-16 09:32:18.586499000,34338.58649912,4,51,5780300,1
2019-12-16 09:32:20.062712000,34340.062712195,5,95,5779100,1
2019-12-16 09:32:20.062712000,34340.062712195,4,234,5778500,1
2019-12-16 09:32:20.062831000,34340.062831299,4,63,5778500,1
2019-12-16 09:32:20.062838000,34340.062837617996,4,3,5778500,1
2019-12-16 09:32:20.062838000,34340.062837617996,4,96,5778500,1
2019-12-16 09:32:20.062974000,34340.062974008,4,4,5778500,1
2019-12-16 09:32:20.062974000,34340.062974008,4,93,5778400,1
2019-12-16 09:32:20.064029000,34340.064028956,4,7,5778400,1
2019-12-16 09:32:23.186182000,34343.186182491,4,87,5778800,1
2019-12-16 09:32:23.186425000,34343.186424662,4,13,5778800,1
2019-12-16 09:32:24.702805000,34344.702805391,5,100,5775800,1
2019-12-16 09:32:26.151441000,34346.151441151,5,1,5776000,1
2019-12-16 09:32:26.362233000,34346.362233068,5,100,5776000,1
2019-12-16 09:32:26.363160000,34346.36316011,5,100,5775800,1
2019-12-16 09:32:28.430924000,34348.430923671,4,100,5775700,1
2019-12-16 09:32:28.809185000,34348.809185317004,5,13,5775700,1
2019-12-16 09:32:28.809185000,34348.809185317004,4,387,5774200,1
2019-12-16 09:32:31.613956000,34351.613955626,5,40,5777750,1
2019-12-16 09:32:33.245457000,34353.245457042,4,60,5774200,1
2019-12-16 09:32:33.246195000,34353.246194602005,4,53,5774200,1
2019-12-16 09:32:33.246912000,34353.246912202005,4,58,5773000,1
2019-12-16 09:32:33.247121000,34353.247120658,4,42,5773000,1
2019-12-16 09:32:45.816322000,34365.816322301,4,100,5772400,1
2019-12-16 09:32:48.683769000,34368.683769159,5,100,5770100,1
2019-12-16 09:32:48.683769000,34368.683769159,5,7,5770100,1
2019-12-16 09:33:04.359534000,34384.359533612005,4,20,5775000,-1
2019-12-16 09:33:04.359534000,34384.359533612005,4,30,5775000,-1
2019-12-16 09:33:04.386155000,34384.386155156004,4,100,5775100,-1
2019-12-16 09:33:17.983262000,34397.983262026,4,1,5775400,-1
2019-12-16 09:33:20.302376000,34400.302376447995,5,1,5776000,-1
2019-12-16 09:33:20.302557000,34400.302556521005,5,1,5776000,-1
2019-12-16 09:33:20.302675000,34400.302674642,4,1,5776300,-1
2019-12-16 09:33:39.632733000,34419.632733496,4,5,5773100,1
2019-12-16 09:33:44.778054000,34424.778054003,4,2,5770000,1
2019-12-16 09:33:44.778054000,34424.778054003,4,2,5770000,1
2019-12-16 09:33:44.778054000,34424.778054003,4,3,5770000,1
2019-12-16 09:33:44.778054000,34424.778054003,4,93,5770000,1
2019-12-16 09:33:46.436640000,34426.43664004,5,100,5771400,-1
2019-12-16 09:34:07.486636000,34447.486636363,4,100,5774600,-1
2019-12-16 09:34:18.915522000,34458.915522119,5,7,5772300,-1
2019-12-16 09:34:29.927094000,34469.92709425,5,100,5774400,-1
2019-12-16 09:34:30.005900000,34470.005899515,5,89,5774000,-1
2019-12-16 09:34:30.006014000,34470.006013813,4,11,5774000,1
2019-12-16 09:34:30.313342000,34470.313341769,4,100,5774500,-1
2019-12-16 09:34:34.743797000,34474.743797368996,5,1,5774800,1
2019-12-16 09:34:36.792860000,34476.792859807,5,99,5774800,1
2019-12-16 09:34:36.792860000,34476.792859807,5,100,5774600,1
2019-12-16 09:34:36.792860000,34476.792859807,5,1,5774600,1
2019-12-16 09:34:37.343401000,34477.343400666,4,50,5774500,1
2019-12-16 09:34:41.747377000,34481.747376682004,5,100,5777800,-1
2019-12-16 09:34:41.977647000,34481.977647397005,5,1,5774800,1
2019-12-16 09:34:41.984667000,34481.98466662,5,100,5774800,1
2019-12-16 09:34:45.038236000,34485.038235526,5,1,5774900,1
2019-12-16 09:34:45.199394000,34485.199394444,5,24,5774900,1
2019-12-16 09:34:45.199801000,34485.199801229,5,100,5774600,1
2019-12-16 09:34:46.655982000,34486.655981792,5,20,5774800,1
2019-12-16 09:34:52.629306000,34492.629305578,5,100,5774800,1
2019-12-16 09:35:00.116535000,34500.11653506,5,1,5775100,1
2019-12-16 09:35:00.535647000,34500.535646653,5,40,5777600,-1
2019-12-16 09:35:00.535806000,34500.535805613,5,40,5777600,-1
2019-12-16 09:35:00.535934000,34500.535934337,5,16,5777600,-1
2019-12-16 09:35:00.537753000,34500.537753113,4,40,5778000,-1
2019-12-16 09:35:00.555150000,34500.55515026,5,3,5778700,-1
2019-12-16 09:35:00.555150000,34500.55515026,4,50,5780000,-1
2019-12-16 09:35:00.555150000,34500.55515026,5,47,5780000,-1
2019-12-16 09:35:00.783741000,34500.783741433996,4,100,5780300,-1
2019-12-16 09:35:00.797067000,34500.797066549,5,112,5780300,1
2019-12-16 09:35:01.762218000,34501.762218289,5,91,5780400,1
2019-12-16 09:35:01.762218000,34501.762218289,5,9,5780300,1
2019-12-16 09:35:01.764191000,34501.764190909,5,78,5780300,1
2019-12-16 09:35:01.764191000,34501.764190909,4,22,5780200,1
2019-12-16 09:35:01.767191000,34501.767190522005,4,78,5780200,1
2019-12-16 09:35:06.987535000,34506.987535333,5,80,5777500,1
2019-12-16 09:35:09.321249000,34509.321248613,5,2,5777500,1
2019-12-16 09:35:11.288072000,34511.288071662,5,7,5777500,1
2019-12-16 09:35:11.288182000,34511.288182115,5,11,5777500,1
2019-12-16 09:35:11.399128000,34511.399128227,5,78,5777800,-1
2019-12-16 09:35:11.421861000,34511.42186063,5,100,5777800,-1
2019-12-16 09:35:11.620046000,34511.620045658,5,200,5777800,-1
2019-12-16 09:35:11.992236000,34511.992236359,5,1,5776100,1
2019-12-16 09:35:11.994619000,34511.994618796,5,99,5776100,1
2019-12-16 09:35:11.994619000,34511.994618796,5,100,5776100,1
2019-12-16 09:35:11.994619000,34511.994618796,4,142,5776000,1
2019-12-16 09:35:11.994619000,34511.994618796,4,100,5776000,1
2019-12-16 09:35:12.283082000,34512.283082097005,5,100,5772200,1
2019-12-16 09:35:12.285527000,34512.28552684,5,100,5772300,1
2019-12-16 09:35:12.285527000,34512.28552684,4,100,5772100,1
2019-12-16 09:35:36.020533000,34536.020532709,5,6,5774700,1
2019-12-16 09:35:36.020533000,34536.020532709,4,94,5774100,1
2019-12-16 09:35:36.022756000,34536.022756002,4,6,5774100,1
2019-12-16 09:35:40.208050000,34540.208049602,5,83,5773600,-1
2019-12-16 09:36:03.153484000,34563.153483595,4,100,5776700,-1
2019-12-16 09:36:03.165084000,34563.165083844,5,100,5777300,-1
2019-12-16 09:36:03.955651000,34563.95565136,5,200,5772800,1
2019-12-16 09:36:03.955651000,34563.95565136,5,100,5772300,1
2019-12-16 09:36:03.960981000,34563.960981256,5,100,5772300,1
2019-12-16 09:36:03.960981000,34563.960981256,5,100,5772300,1
2019-12-16 09:36:03.960981000,34563.960981256,5,200,5772300,1
2019-12-16 09:36:03.960981000,34563.960981256,4,100,5772200,1
2019-12-16 09:36:03.989691000,34563.989691181,5,100,5772600,1
2019-12-16 09:36:03.990012000,34563.99001247,4,100,5772200,-1
2019-12-16 09:36:03.990012000,34563.99001247,5,17,5772200,-1
2019-12-16 09:36:03.990017000,34563.990016914,5,100,5772200,-1
2019-12-16 09:36:03.990024000,34563.990024009,5,100,5772200,-1
2019-12-16 09:36:03.990035000,34563.990034916,5,200,5772200,-1
2019-12-16 09:36:03.990036000,34563.990036188996,5,100,5772200,-1
2019-12-16 09:36:03.990042000,34563.990042095,5,100,5772200,-1
2019-12-16 09:36:03.990044000,34563.990044346,5,100,5772200,-1
2019-12-16 09:36:03.990132000,34563.990132292005,5,100,5772200,-1
2019-12-16 09:36:03.990151000,34563.990150722,5,200,5772200,-1
2019-12-16 09:36:03.990360000,34563.990360158,4,100,5772200,-1
2019-12-16 09:36:03.990368000,34563.990368416,5,300,5772200,-1
2019-12-16 09:36:03.990370000,34563.99037024,5,103,5772200,-1
2019-12-16 09:36:03.990384000,34563.99038432,5,100,5772200,-1
2019-12-16 09:36:03.990390000,34563.990389929,5,100,5772200,-1
2019-12-16 09:36:03.990512000,34563.99051159,5,100,5772200,-1
2019-12-16 09:36:03.990707000,34563.990706564,4,54,5772200,-1
2019-12-16 09:36:03.990708000,34563.990708134,4,46,5772200,-1
2019-12-16 09:36:03.990708000,34563.990708134,5,54,5772200,-1
2019-12-16 09:36:03.990718000,34563.990718324,5,100,5772200,-1
2019-12-16 09:36:03.991027000,34563.991026983,4,100,5772200,-1
2019-12-16 09:36:03.991504000,34563.991504421,4,100,5772200,-1
2019-12-16 09:36:03.991831000,34563.991830745,4,100,5772200,-1
2019-12-16 09:36:03.992483000,34563.992482989,4,100,5772200,-1
2019-12-16 09:36:03.993439000,34563.993438666,4,100,5771500,1
2019-12-16 09:36:03.995980000,34563.99598048,4,100,5772200,-1
2019-12-16 09:36:03.996559000,34563.996558795,4,800,5771500,1
2019-12-16 09:36:03.997888000,34563.997888323,4,100,5772200,-1
2019-12-16 09:36:04.009188000,34564.009188404,5,47,5772100,-1
2019-12-16 09:36:04.063880999,34564.063881034,5,100,5772100,-1
2019-12-16 09:36:04.990303000,34564.990302791004,5,53,5772100,-1
2019-12-16 09:36:04.990303000,34564.990302791004,5,47,5772100,-1
2019-12-16 09:36:05.007067000,34565.007066888,5,53,5772100,-1
2019-12-16 09:36:05.007067000,34565.007066888,5,47,5772100,-1
2019-12-16 09:36:05.179306000,34565.179306031,5,53,5772100,-1
2019-12-16 09:36:05.179306000,34565.179306031,4,100,5772200,-1
2019-12-16 09:36:05.179306000,34565.179306031,5,957,5772200,-1
2019-12-16 09:36:05.180178000,34565.180178205,4,53,5772200,-1
2019-12-16 09:36:05.180450000,34565.180449843,4,47,5772200,-1
2019-12-16 09:36:05.180756000,34565.180755786,4,100,5772200,-1
2019-12-16 09:36:05.181059000,34565.181058962,4,13,5772200,-1
2019-12-16 09:36:05.181785000,34565.181785042005,4,87,5772200,-1
2019-12-16 09:36:05.181785000,34565.181785042005,4,13,5772200,-1
2019-12-16 09:36:05.448653000,34565.448652887004,4,100,5772200,-1
2019-12-16 09:36:05.471773000,34565.471773162004,4,100,5771500,1
2019-12-16 09:36:05.471866000,34565.471866128,4,100,5771500,1
2019-12-16 09:36:05.471964000,34565.471963769,4,200,5771500,1
2019-12-16 09:36:05.472039000,34565.472039427004,4,800,5771500,1
2019-12-16 09:36:05.472766000,34565.47276616,5,2,5771100,1
2019-12-16 09:36:05.472766000,34565.47276616,5,2,5770900,1
2019-12-16 09:36:05.472766000,34565.47276616,4,96,5770600,1
2019-12-16 09:36:05.479340000,34565.479339755,4,4,5770600,1
2019-12-16 09:36:09.848903000,34569.848903499,4,65,5768400,1
2019-12-16 09:36:16.977738000,34576.977738038,5,48,5769900,-1
2019-12-16 09:36:16.978414000,34576.978414126,4,60,5770000,-1
2019-12-16 09:36:16.978882000,34576.978881816,5,200,5770300,-1
2019-12-16 09:36:16.979170000,34576.979170403996,5,50,5770300,-1
2019-12-16 09:36:16.979170000,34576.979170403996,4,90,5770400,-1
2019-12-16 09:36:16.984096000,34576.984096047,5,110,5770000,-1
2019-12-16 09:36:16.984221000,34576.984221483995,5,15,5770000,-1
2019-12-16 09:36:16.984221000,34576.984221483995,5,75,5770300,-1
2019-12-16 09:36:17.176353000,34577.176353062,5,100,5770300,-1
2019-12-16 09:36:17.176479000,34577.176478842004,5,25,5770300,-1
2019-12-16 09:36:17.176479000,34577.176478842004,5,85,5770300,-1
2019-12-16 09:36:17.186712000,34577.186712481,5,100,5770300,-1
2019-12-16 09:36:17.186804000,34577.186804247,5,15,5770300,-1
2019-12-16 09:36:17.186804000,34577.186804247,4,40,5770400,-1
2019-12-16 09:36:17.187734000,34577.187734185,4,70,5770400,-1
2019-12-16 09:36:17.187734000,34577.187734185,4,30,5770400,-1
2019-12-16 09:36:17.593267000,34577.59326713,4,70,5770400,-1
2019-12-16 09:36:25.658750000,34585.65875005,4,70,5771000,-1
2019-12-16 09:36:28.678419000,34588.678418608,4,100,5772200,-1
2019-12-16 09:36:28.680969000,34588.680969395,4,100,5772200,-1
2019-12-16 09:36:28.680969000,34588.680969395,5,42,5772200,-1
2019-12-16 09:36:28.697051000,34588.697050766,4,100,5772200,-1
2019-12-16 09:36:28.726269000,34588.726269221,4,3,5772200,-1
2019-12-16 09:36:30.436440000,34590.436440012,4,97,5772200,-1
2019-12-16 09:36:30.436440000,34590.436440012,4,3,5772200,-1
2019-12-16 09:36:31.454696000,34591.454696053,4,97,5772200,-1
2019-12-16 09:36:31.454696000,34591.454696053,4,100,5772200,-1
2019-12-16 09:36:31.454696000,34591.454696053,5,100,5772200,-1
2019-12-16 09:36:31.454828000,34591.454827803,5,100,5772200,-1
2019-12-16 09:36:31.454843000,34591.454842868996,5,100,5772200,-1
2019-12-16 09:36:31.455153000,34591.455152855,4,100,5772200,-1
2019-12-16 09:36:31.455954000,34591.455953836004,4,12,5772200,-1
2019-12-16 09:36:31.456922000,34591.456922075,4,88,5772200,-1
2019-12-16 09:36:31.456922000,34591.456922075,4,12,5772200,-1
2019-12-16 09:36:31.465663000,34591.465662561,4,88,5772200,-1
2019-12-16 09:36:31.465663000,34591.465662561,4,100,5772200,-1
2019-12-16 09:36:31.939426000,34591.939426482,4,100,5771600,1
2019-12-16 09:36:47.541546000,34607.54154583,4,100,5767200,1
2019-12-16 09:36:47.541698000,34607.541698045,4,60,5766600,1
2019-12-16 09:36:47.541698000,34607.541698045,5,4,5766600,1
2019-12-16 09:36:47.541902000,34607.541901795,5,2,5766100,1
2019-12-16 09:36:47.541902000,34607.541901795,4,34,5766000,1
2019-12-16 09:36:47.542886000,34607.542885809,4,66,5766000,1
2019-12-16 09:36:47.542886000,34607.542885809,4,34,5766000,1
2019-12-16 09:36:47.542978000,34607.542977905,4,100,5766000,1
2019-12-16 09:36:47.542991000,34607.542990992995,4,66,5766000,1
2019-12-16 09:36:47.542991000,34607.542990992995,5,34,5766000,1
2019-12-16 09:36:51.944908000,34611.944907789,5,25,5764100,1
2019-12-16 09:37:09.019277000,34629.019277201,5,10,5764300,1
2019-12-16 09:37:09.019277000,34629.019277201,4,90,5764000,1
2019-12-16 09:37:09.650045000,34629.650045312,4,10,5765400,1
2019-12-16 09:37:16.224804000,34636.224803767,5,100,5768000,-1
2019-12-16 09:37:16.224906000,34636.224905986004,5,15,5768000,-1
2019-12-16 09:37:16.224906000,34636.224905986004,5,85,5768000,-1
2019-12-16 09:37:16.225079000,34636.225079106,5,100,5768000,-1
2019-12-16 09:37:16.226278000,34636.226277821,4,100,5768100,-1
2019-12-16 09:37:35.063309000,34655.063308611,5,2,5765700,1
2019-12-16 09:37:38.118703000,34658.118702672,5,1,5765700,1
2019-12-16 09:37:53.207911000,34673.207910671,5,30,5766300,1
2019-12-16 09:37:53.207911000,34673.207910671,5,100,5766100,1
2019-12-16 09:37:53.207911000,34673.207910671,4,40,5766000,1
2019-12-16 09:37:53.208023000,34673.208022713,4,60,5766000,1
2019-12-16 09:37:53.208023000,34673.208022713,4,73,5766000,1
2019-12-16 09:37:53.208034000,34673.208034146,4,27,5766000,1
2019-12-16 09:37:53.322333000,34673.322332558,4,100,5766500,1
2019-12-16 09:38:04.947744000,34684.947744268,4,50,5766000,1
2019-12-16 09:38:07.021759000,34687.021759234,4,100,5765100,1
2019-12-16 09:38:07.021867000,34687.021867204,4,73,5764400,1
2019-12-16 09:38:07.623900000,34687.623900038,4,27,5766400,1
2019-12-16 09:38:18.856854000,34698.856853719,4,130,5765100,1
2019-12-16 09:38:18.856933000,34698.856933453,4,170,5765100,1
2019-12-16 09:38:18.872301000,34698.87230082,4,100,5765100,1
2019-12-16 09:38:28.014502000,34708.014501879,4,1,5762500,1
2019-12-16 09:38:29.847641000,34709.847641169,4,100,5761400,1
2019-12-16 09:38:34.636227000,34714.636226867995,5,103,5762200,1
2019-12-16 09:38:38.603738000,34718.603738066,4,3,5760000,1
2019-12-16 09:38:38.603738000,34718.603738066,4,98,5760000,1
2019-12-16 09:38:38.603852000,34718.603852103995,4,2,5760000,1
2019-12-16 09:38:41.256166000,34721.256165738996,4,100,5762100,-1
2019-12-16 09:38:45.012201000,34725.012201424,4,100,5760000,1
2019-12-16 09:38:47.091292000,34727.091291537996,4,2,5757500,1
2019-12-16 09:38:47.092653000,34727.09265333,4,100,5757500,1
2019-12-16 09:38:54.745424000,34734.745423905,5,100,5756650,1
2019-12-16 09:39:08.502264000,34748.502263656,4,100,5759200,-1
2019-12-16 09:39:08.502595000,34748.502595187005,4,100,5759200,-1
2019-12-16 09:39:10.214953000,34750.214953244,5,100,5761300,1
2019-12-16 09:39:10.256133999,34750.256134163996,5,200,5761050,1
2019-12-16 09:39:10.256133999,34750.256134163996,5,100,5759100,1
2019-12-16 09:39:10.256133999,34750.256134163996,4,100,5759000,1
2019-12-16 09:39:10.321178000,34750.321177949,4,100,5759500,1
2019-12-16 09:39:15.879031000,34755.879031168995,5,100,5761150,1
2019-12-16 09:39:15.879031000,34755.879031168995,4,100,5760300,1
2019-12-16 09:39:15.885231000,34755.88523148,4,65,5760300,1
2019-12-16 09:39:15.885252000,34755.885252068,4,35,5760300,1
2019-12-16 09:39:26.384730000,34766.384730371,4,2,5761900,-1
2019-12-16 09:39:26.384825000,34766.384824681,4,100,5761900,-1
2019-12-16 09:39:26.384832000,34766.384831805,4,98,5761900,-1
2019-12-16 09:39:32.582189000,34772.582188767,5,100,5761750,1
2019-12-16 09:39:39.813879000,34779.813879017005,4,500,5765000,-1
2019-12-16 09:39:39.819504000,34779.819503615,4,100,5765100,1
2019-12-16 09:39:55.300772000,34795.300772071,4,100,5771300,-1
2019-12-16 09:39:55.497254000,34795.497253506,5,100,5772100,-1
2019-12-16 09:39:58.071971000,34798.07197142,5,100,5770200,1
2019-12-16 09:39:58.202500000,34798.202500156,5,192,5770300,1
2019-12-16 09:39:58.202500000,34798.202500156,5,8,5770100,1
2019-12-16 09:39:58.205120000,34798.205120271,4,100,5770100,1
2019-12-16 09:39:58.220608000,34798.220608042,5,114,5767800,1
2019-12-16 09:40:01.122836000,34801.122835781,4,100,5768900,1
2019-12-16 09:40:01.132354000,34801.13235355,4,100,5767600,1
2019-12-16 09:40:01.164030000,34801.164029558,5,351,5765400,1
2019-12-16 09:40:01.164030000,34801.164029558,5,100,5765200,1
2019-12-16 09:40:01.164030000,34801.164029558,5,200,5765200,1
2019-12-16 09:40:01.164030000,34801.164029558,5,100,5765200,1
2019-12-16 09:40:01.164030000,34801.164029558,4,49,5765100,1
2019-12-16 09:40:01.171994000,34801.171993961,4,51,5765100,1
2019-12-16 09:40:13.319714000,34813.319714317004,5,47,5763800,1
2019-12-16 09:40:13.319725000,34813.319725131,5,53,5763800,1
2019-12-16 09:40:13.319725000,34813.319725131,5,47,5763800,1
2019-12-16 09:40:13.319812000,34813.31981154,5,45,5763800,1
2019-12-16 09:40:13.319812000,34813.31981154,4,55,5763700,1
2019-12-16 09:40:13.319844000,34813.319844271,4,45,5763700,1
2019-12-16 09:40:13.320365000,34813.32036535,4,55,5760500,1
2019-12-16 09:40:13.320434000,34813.320433538,4,45,5760500,1
2019-12-16 09:40:13.320830000,34813.320829509,4,100,5762900,-1
2019-12-16 09:40:13.321442000,34813.321441969,4,100,5762900,1
2019-12-16 09:40:13.323693000,34813.323692927,5,100,5759900,-1
2019-12-16 09:40:13.328349000,34813.328349404,5,100,5758400,1
2019-12-16 09:40:13.344454000,34813.344453658996,5,100,5759900,-1
2019-12-16 09:40:13.346456000,34813.346455793,5,100,5759900,-1
2019-12-16 09:40:13.346468000,34813.346467502,5,14,5759900,-1
2019-12-16 09:40:13.346468000,34813.346467502,5,86,5759900,-1
2019-12-16 09:40:24.667766000,34824.667766498,4,1,5759900,-1
2019-12-16 09:40:24.667766000,34824.667766498,4,100,5760000,-1
2019-12-16 09:40:28.881266000,34828.881265987,4,200,5760000,-1
2019-12-16 09:40:28.881398000,34828.881398022,4,99,5760000,-1
2019-12-16 09:40:28.881474000,34828.881473886,4,1,5760000,-1
2019-12-16 09:41:00.435810000,34860.435810488,5,1,5758600,1
2019-12-16 09:41:09.395303000,34869.395302596,4,100,5758300,1
2019-12-16 09:41:09.395433000,34869.395432868,4,100,5758000,1
2019-12-16 09:41:27.685014000,34887.685013991,5,100,5758500,-1
2019-12-16 09:41:27.685221000,34887.68522091,5,100,5758800,-1
2019-12-16 09:41:27.686478000,34887.686477849,4,100,5759100,-1
2019-12-16 09:41:27.686513000,34887.686513275,5,4,5759100,-1
2019-12-16 09:41:27.686835000,34887.686834645,5,70,5759000,-1
2019-12-16 09:41:27.686835000,34887.686834645,4,30,5759400,-1
2019-12-16 09:41:27.711064000,34887.711064287,4,70,5759400,-1
2019-12-16 09:41:27.711193000,34887.711193434,4,30,5759400,1
2019-12-16 09:41:28.815924000,34888.815923578,4,100,5759500,-1
2019-12-16 09:41:28.952325000,34888.95232544,4,9,5759000,1
2019-12-16 09:41:33.978593000,34893.978592576,5,100,5759600,-1
2019-12-16 09:41:39.610182000,34899.6101824,5,1,5757500,1
2019-12-16 09:41:39.800892000,34899.80089183,5,10,5757100,1
2019-12-16 09:41:39.800892000,34899.80089183,4,2,5756900,1
2019-12-16 09:41:39.800892000,34899.80089183,5,4,5756900,1
2019-12-16 09:41:39.829601000,34899.829601087,4,2,5756600,1
2019-12-16 09:41:39.830767000,34899.830767205,4,100,5756100,1
2019-12-16 09:41:39.832235000,34899.832235267,4,100,5756000,1
2019-12-16 09:41:39.835141000,34899.835140604,4,100,5755600,1
2019-12-16 09:41:39.835512000,34899.835512253,4,10,5755000,1
2019-12-16 09:41:39.835512000,34899.835512253,4,1,5755000,1
2019-12-16 09:41:58.211832000,34918.211832189,5,1,5755500,1
2019-12-16 09:42:08.244131000,34928.244131349,5,51,5757300,-1
2019-12-16 09:42:08.244131000,34928.244131349,5,17,5757400,-1
2019-12-16 09:42:08.244131000,34928.244131349,5,12,5757500,-1
2019-12-16 09:42:16.074060000,34936.074060171,5,1,5755600,1
2019-12-16 09:42:16.078630000,34936.078629678996,5,99,5755600,1
2019-12-16 09:42:16.078630000,34936.078629678996,4,101,5755200,1
2019-12-16 09:42:16.079830000,34936.079829505,4,71,5755200,1
2019-12-16 09:42:16.980520000,34936.980519639,4,100,5755200,1
2019-12-16 09:42:19.702765000,34939.702765218,4,28,5755200,1
2019-12-16 09:42:19.704489000,34939.704489143,4,2,5754400,1
2019-12-16 09:42:19.706138000,34939.70613808,4,100,5753800,1
2019-12-16 09:42:19.707635000,34939.707635421,5,70,5752900,1
2019-12-16 09:42:27.582122000,34947.582122466,4,5,5752800,1
2019-12-16 09:42:29.162382000,34949.162382178,5,46,5753500,-1
2019-12-16 09:42:29.162382000,34949.162382178,4,100,5753600,-1
2019-12-16 09:42:29.162530000,34949.162530388996,4,155,5753800,-1
2019-12-16 09:42:29.162563000,34949.162563142,5,3,5753800,-1
2019-12-16 09:42:46.797612000,34966.797612078,5,100,5756250,1
2019-12-16 09:42:50.856413000,34970.856412902,5,100,5757200,1
2019-12-16 09:43:00.875378000,34980.875377729,4,100,5756600,1
2019-12-16 09:43:10.925200000,34990.925200321,4,39,5756900,-1
2019-12-16 09:43:10.925319000,34990.925318795,4,61,5756900,-1
2019-12-16 09:43:12.754700000,34992.754699686004,5,100,5758500,-1
2019-12-16 09:43:12.757554000,34992.757554012,4,65,5758600,-1
2019-12-16 09:43:14.801336000,34994.801336414,4,80,5759500,-1
2019-12-16 09:43:15.509649000,34995.509648934,4,98,5759500,-1
2019-12-16 09:43:27.191611000,35007.191610694,5,100,5757300,1
2019-12-16 09:43:27.208658000,35007.208658292,5,1,5755100,1
2019-12-16 09:43:30.862381000,35010.862381073995,5,100,5756650,1
2019-12-16 09:43:48.827042000,35028.827042063,5,100,5758850,1
2019-12-16 09:43:50.914315000,35030.914314849,4,2,5760500,-1
2019-12-16 09:43:50.916631000,35030.916631358,5,75,5760000,1
2019-12-16 09:43:50.916631000,35030.916631358,4,25,5759900,1
2019-12-16 09:44:00.024048000,35040.024048292005,4,94,5757000,-1
2019-12-16 09:44:00.024051000,35040.024051064,4,100,5757000,-1
2019-12-16 09:44:00.024058000,35040.024057917,4,6,5757000,-1
2019-12-16 09:44:20.020648000,35060.020648093996,5,50,5756500,1
2019-12-16 09:44:20.020648000,35060.020648093996,5,50,5756300,1
2019-12-16 09:44:26.981114000,35066.981114192,5,80,5758400,-1
2019-12-16 09:44:47.132689000,35087.132688663,4,100,5757900,1
2019-12-16 09:44:50.317305000,35090.317305305,4,100,5758300,-1
2019-12-16 09:45:02.428137000,35102.428136781,4,100,5759000,-1
2019-12-16 09:45:16.726473000,35116.72647282,4,100,5761900,1
2019-12-16 09:45:44.646176000,35144.646175842005,4,1,5762800,-1
2019-12-16 09:45:44.647316000,35144.647315977,4,45,5762900,-1
2019-12-16 09:45:44.757940000,35144.757939594,5,100,5764400,-1
2019-12-16 09:45:44.839920000,35144.839919596,4,100,5765000,-1
2019-12-16 09:46:06.427360000,35166.427360022004,4,100,5766200,-1
2019-12-16 09:46:09.319786000,35169.319785805,5,1,5763100,1
2019-12-16 09:46:13.040138000,35173.040137821,4,100,5766200,-1
2019-12-16 09:46:32.654044000,35192.654043729,4,10,5764500,-1
2019-12-16 09:46:34.656299000,35194.656298665,5,99,5764300,1
2019-12-16 09:46:34.656299000,35194.656298665,5,1,5763800,1
2019-12-16 09:46:39.627280000,35199.627280383,4,80,5766200,-1
2019-12-16 09:46:54.377884000,35214.377883531,5,100,5764400,1
2019-12-16 09:46:54.377884000,35214.377883531,4,100,5764300,1
2019-12-16 09:46:56.999647000,35216.999647132005,5,71,5767000,-1
2019-12-16 09:46:56.999647000,35216.999647132005,4,100,5767300,-1
2019-12-16 09:46:56.999647000,35216.999647132005,5,300,5767300,-1
2019-12-16 09:46:57.200189000,35217.20018935,5,100,5767000,-1
2019-12-16 09:46:57.200189000,35217.20018935,4,100,5767300,-1
2019-12-16 09:46:57.200189000,35217.20018935,5,100,5767300,-1
2019-12-16 09:47:15.965271000,35235.965270527005,5,1,5768300,1
2019-12-16 09:47:15.965271000,35235.965270527005,4,99,5768200,1
2019-12-16 09:47:15.974731000,35235.974731082,4,1,5768200,1
2019-12-16 09:47:22.118334000,35242.118334044,5,200,5767800,1
2019-12-16 09:47:22.124588000,35242.124587555,5,200,5767800,1
2019-12-16 09:47:22.124704000,35242.124704484,5,196,5767800,1
2019-12-16 09:47:22.125164000,35242.125164383,4,100,5767500,1
2019-12-16 09:47:22.125268999,35242.125269022996,4,100,5767500,1
2019-12-16 09:47:22.126159000,35242.126158504,5,3,5767300,1
2019-12-16 09:47:22.126159000,35242.126158504,4,97,5767100,1
2019-12-16 09:47:22.128561000,35242.128560722995,5,4,5768000,-1
2019-12-16 09:47:22.129237999,35242.12923764,4,3,5767100,1
2019-12-16 09:47:37.337248000,35257.33724815,5,40,5766100,1
2019-12-16 09:47:41.022499000,35261.02249913,4,100,5766000,1
2019-12-16 09:47:58.100884000,35278.100884065,5,100,5767400,-1
2019-12-16 09:47:58.100929000,35278.10092942,5,100,5767400,-1
2019-12-16 09:47:58.100931000,35278.100931175,4,100,5767500,-1
2019-12-16 09:48:05.759289000,35285.759289227004,4,100,5766800,1
2019-12-16 09:48:06.231211000,35286.231210672995,4,100,5766800,1
2019-12-16 09:48:06.231332000,35286.231331767995,4,100,5766800,1
2019-12-16 09:48:06.231954000,35286.231953653,4,100,5766700,1
2019-12-16 09:48:06.441042000,35286.441042085,4,100,5766400,1
2019-12-16 09:48:06.505413000,35286.505413425,5,2,5765600,1
2019-12-16 09:48:06.505413000,35286.505413425,4,98,5764800,1
2019-12-16 09:48:06.506022000,35286.506022125,4,2,5764800,1
2019-12-16 09:48:06.506022000,35286.506022125,5,2,5764800,1
2019-12-16 09:48:24.249909000,35304.249909396,4,100,5765500,-1
2019-12-16 09:48:33.253137000,35313.25313675,5,100,5765500,-1
2019-12-16 09:48:33.253143999,35313.253143616,4,100,5765800,-1
2019-12-16 09:48:54.521464999,35334.52146492,5,100,5767400,-1
2019-12-16 09:48:54.521553999,35334.521553979,5,100,5767600,-1
2019-12-16 09:48:54.525777000,35334.525776969,5,100,5767900,-1
2019-12-16 09:48:54.527035999,35334.527036291,5,200,5767900,-1
2019-12-16 09:48:54.527060000,35334.527060322005,4,100,5768000,-1
2019-12-16 09:48:54.916942000,35334.916941986005,4,100,5768000,-1
2019-12-16 09:48:54.917044000,35334.917043828,4,100,5768000,-1
2019-12-16 09:48:55.828664000,35335.828664326,5,100,5768900,-1
2019-12-16 09:48:55.828664000,35335.828664326,4,232,5769000,-1
2019-12-16 09:48:55.828770000,35335.828769911,4,100,5769000,-1
2019-12-16 09:49:06.198775000,35346.198775193996,5,100,5766600,1
2019-12-16 09:49:06.268445000,35346.268445342,4,100,5766100,1
2019-12-16 09:49:06.268533000,35346.268532959,4,100,5766100,1
2019-12-16 09:49:06.286604000,35346.286604157,4,100,5765300,1
2019-12-16 09:49:30.273403000,35370.273403478,5,1,5766100,1
2019-12-16 09:49:31.875394000,35371.875394417,5,1,5766100,1
2019-12-16 09:49:41.745152000,35381.74515222,5,100,5766100,1
2019-12-16 09:49:42.472670000,35382.472670015,5,100,5766100,1
2019-12-16 09:49:52.059092000,35392.059091535,5,20,5766100,1
2019-12-16 09:49:56.229613000,35396.229612935,5,100,5766100,1
2019-12-16 09:50:02.823234000,35402.823234367,5,100,5763500,1
2019-12-16 09:50:05.719658000,35405.719657604,4,100,5763400,1
2019-12-16 09:50:05.719658000,35405.719657604,4,50,5763400,1
2019-12-16 09:50:05.945785000,35405.945785136,4,100,5764300,1
2019-12-16 09:50:06.287609000,35406.287609297004,5,4,5765300,-1
2019-12-16 09:50:06.287676000,35406.287675638,4,12,5765800,-1
2019-12-16 09:50:06.287998000,35406.287997959,4,88,5765800,-1
2019-12-16 09:50:06.287998000,35406.287997959,5,4,5765800,-1
2019-12-16 09:50:28.290902000,35428.290901718,4,100,5765200,1
2019-12-16 09:50:49.746285000,35449.746284794,5,122,5765400,-1
2019-12-16 09:51:14.353454000,35474.353454135,4,5,5763600,1
2019-12-16 09:51:14.353529000,35474.353529481,4,395,5763600,1
2019-12-16 09:51:26.631875000,35486.631875091,5,100,5762700,1
2019-12-16 09:51:27.773192000,35487.77319238,4,1,5762600,1
2019-12-16 09:51:27.782244000,35487.782243794,5,1,5763100,1
2019-12-16 09:51:29.435343000,35489.435342603,5,1,5763200,1
2019-12-16 09:51:35.489589000,35495.489588735,5,2,5764600,-1
2019-12-16 09:51:35.489589000,35495.489588735,5,98,5764800,-1
2019-12-16 09:51:35.495838000,35495.495837795,5,8,5765700,-1
2019-12-16 09:51:35.495919000,35495.495918604,5,92,5765700,-1
2019-12-16 09:51:35.495919000,35495.495918604,4,8,5765800,-1
2019-12-16 09:51:35.497472000,35495.497471809,4,81,5765800,-1
2019-12-16 09:51:35.497493000,35495.497493258,4,11,5765800,-1
2019-12-16 09:52:15.674323000,35535.674323342,5,100,5763700,1
2019-12-16 09:52:15.674323000,35535.674323342,4,80,5763600,1
2019-12-16 09:52:15.674450000,35535.674449616,4,20,5763600,1
2019-12-16 09:52:15.674588000,35535.67458809,4,80,5763500,1
2019-12-16 09:52:15.674685000,35535.674685246,4,119,5763500,1
2019-12-16 09:52:15.674685000,35535.674685246,4,81,5763500,1
2019-12-16 09:52:15.674692000,35535.67469195,4,19,5763500,1
2019-12-16 09:52:38.389826000,35558.389825905,4,100,5762600,1
2019-12-16 09:52:38.389956000,35558.389955801,4,100,5762600,1
2019-12-16 09:52:41.192601000,35561.192601422,4,100,5762200,1
2019-12-16 09:52:43.192354000,35563.192354458,4,100,5762200,1
2019-12-16 09:52:47.575490000,35567.575490475,5,100,5764200,-1
2019-12-16 09:52:47.575490000,35567.575490475,5,100,5764300,-1
2019-12-16 09:52:47.576291000,35567.57629056,4,100,5764400,-1
2019-12-16 09:52:47.576291000,35567.57629056,4,100,5764400,-1
2019-12-16 09:52:47.576398000,35567.576398239,4,100,5764400,-1
2019-12-16 09:52:47.576398000,35567.576398239,4,90,5764400,-1
2019-12-16 09:52:47.577260000,35567.577259792,4,10,5764400,-1
2019-12-16 09:52:47.962013000,35567.962012687,5,160,5764600,-1
2019-12-16 09:52:48.126044999,35568.126044522,4,40,5763500,-1
2019-12-16 09:52:48.126068000,35568.126067854,4,60,5763500,-1
2019-12-16 09:52:51.188390000,35571.188390167,4,133,5762000,1
2019-12-16 09:52:52.495136000,35572.495136056,5,80,5763100,-1
2019-12-16 09:53:00.280591000,35580.280591284,4,67,5762000,1
2019-12-16 09:53:19.432032000,35599.432032151,4,80,5762000,-1
2019-12-16 09:53:19.937238000,35599.937237973,4,20,5762000,-1
2019-12-16 09:53:34.215411000,35614.215410872,4,100,5761600,-1
2019-12-16 09:53:34.217521000,35614.217520533995,4,1,5761900,-1
2019-12-16 09:53:34.315925000,35614.315925338,4,99,5761900,-1
2019-12-16 09:53:34.327473000,35614.327472701,4,40,5762800,-1
2019-12-16 09:53:34.361891000,35614.361891351,4,60,5762800,-1
2019-12-16 09:53:34.362027000,35614.362027241004,4,201,5763400,-1
2019-12-16 09:53:34.362029000,35614.362029182004,4,40,5762700,1
2019-12-16 09:53:34.363097000,35614.363096729,4,100,5762700,-1
2019-12-16 09:53:35.016504999,35615.016505284,4,200,5763400,-1
2019-12-16 09:53:35.021709000,35615.021708677996,4,99,5763400,-1
2019-12-16 09:53:35.021709000,35615.021708677996,4,1,5763400,-1
2019-12-16 09:53:35.024889000,35615.024889201,4,19,5763400,-1
2019-12-16 09:53:46.705415000,35626.705415467004,4,100,5762800,-1
2019-12-16 09:53:55.451820000,35635.451820111004,5,1,5761400,1
2019-12-16 09:54:08.125256000,35648.125256328996,4,10,5765000,-1
2019-12-16 09:54:09.034378000,35649.034377917,4,10,5765900,-1
2019-12-16 09:54:09.034378000,35649.034377917,5,2,5766000,-1
2019-12-16 09:54:09.034378000,35649.034377917,4,88,5766300,-1
2019-12-16 09:54:32.188955000,35672.188954596,4,100,5765000,1
2019-12-16 09:54:32.190815000,35672.190814526,5,200,5765000,1
2019-12-16 09:54:58.792742000,35698.792741716,5,42,5764600,1
2019-12-16 09:54:58.792742000,35698.792741716,4,58,5764400,1
2019-12-16 09:54:58.792820000,35698.792819784,4,42,5764400,1
2019-12-16 09:55:06.572183000,35706.572183266,4,100,5762800,1
2019-12-16 09:55:07.867862000,35707.867861819,4,1,5762800,1
2019-12-16 09:55:14.447128000,35714.447128364,4,99,5763800,1
2019-12-16 09:55:50.055671000,35750.055670801004,5,100,5761200,1
2019-12-16 09:55:50.055749000,35750.055749205,5,100,5761200,1
2019-12-16 09:55:50.055786000,35750.055786289,5,100,5761200,1
2019-12-16 09:55:50.055814000,35750.055814123996,5,100,5761200,1
2019-12-16 09:55:50.056090000,35750.056089882004,4,100,5761100,1
2019-12-16 09:55:50.056899000,35750.056898926,5,100,5761100,1
2019-12-16 09:56:16.575146000,35776.575146365,5,99,5761200,1
2019-12-16 09:56:16.575146000,35776.575146365,4,1,5761100,1
2019-12-16 09:56:16.575404000,35776.575404096,4,56,5761100,1
2019-12-16 09:56:16.575407000,35776.575407487995,4,43,5761100,1
2019-12-16 09:56:16.584644000,35776.584644297,4,100,5761100,-1
2019-12-16 09:56:20.839917000,35780.839917219,5,37,5762000,-1
2019-12-16 09:56:20.840368000,35780.840367635,5,63,5762000,-1
2019-12-16 09:56:20.840368000,35780.840367635,4,37,5762100,-1
2019-12-16 09:56:20.840527000,35780.840526921,4,63,5762100,-1
2019-12-16 09:56:20.840527000,35780.840526921,4,30,5762400,-1
2019-12-16 09:56:20.840670000,35780.840669544,4,70,5762400,-1
2019-12-16 09:56:20.840670000,35780.840669544,5,3,5762400,-1
2019-12-16 09:56:25.680641000,35785.680640877996,4,100,5760400,1
2019-12-16 09:56:25.680641000,35785.680640877996,4,34,5760400,1
2019-12-16 09:56:25.681181000,35785.681181236,4,66,5760400,1
2019-12-16 09:56:25.681181000,35785.681181236,4,34,5760400,1
2019-12-16 09:56:36.068905000,35796.068905449,4,166,5760400,1
2019-12-16 09:56:36.068905000,35796.068905449,4,34,5760400,1
2019-12-16 09:56:36.069032000,35796.069031612,4,66,5760400,1
2019-12-16 09:56:36.069044000,35796.069043873,5,3,5760100,1
2019-12-16 09:56:36.069044000,35796.069043873,4,20,5760000,1
2019-12-16 09:56:36.069044000,35796.069043873,5,63,5760000,1
2019-12-16 09:56:37.365518000,35797.365518088,5,1,5760000,1
2019-12-16 09:56:39.391401000,35799.391401237,4,100,5760100,1
2019-12-16 09:56:54.624204000,35814.62420437,5,100,5762500,-1
2019-12-16 09:56:54.625025000,35814.625024965,5,100,5762500,-1
2019-12-16 09:56:54.626058000,35814.626058003996,4,100,5762600,-1
2019-12-16 09:56:54.626917000,35814.626917272995,4,100,5762700,-1
2019-12-16 09:56:55.016170000,35815.016170453,4,1,5763400,-1
2019-12-16 09:57:03.159707000,35823.159707287996,5,20,5762600,1
2019-12-16 09:57:03.160956000,35823.160956499,5,20,5762600,1
2019-12-16 09:57:17.239940000,35837.239939738,4,100,5763200,-1
2019-12-16 09:57:17.240892000,35837.240891711,4,74,5763400,-1
2019-12-16 09:57:17.241249000,35837.241248922,4,24,5763400,-1
2019-12-16 09:57:17.241507000,35837.241506799,4,1,5763400,-1
2019-12-16 09:57:17.241507000,35837.241506799,5,3,5763400,-1
2019-12-16 09:57:17.242092000,35837.242092319,5,1,5763500,-1
2019-12-16 09:58:10.558753000,35890.558753126,4,100,5763400,1
2019-12-16 09:58:10.558753000,35890.558753126,4,100,5763400,1
2019-12-16 09:58:10.558753000,35890.558753126,4,100,5763400,1
2019-12-16 09:58:10.558753000,35890.558753126,5,100,5763400,1
2019-12-16 09:58:10.558856000,35890.558855695,5,21,5763000,1
2019-12-16 09:58:10.559013000,35890.559012836,5,11,5763000,1
2019-12-16 09:58:10.559131000,35890.559130713,5,11,5763000,1
2019-12-16 09:58:10.559241000,35890.559240711,4,11,5762700,1
2019-12-16 09:58:10.560707000,35890.560706777,5,31,5762700,-1
2019-12-16 09:58:10.561434000,35890.561434112,4,31,5763000,-1
2019-12-16 09:58:15.872297000,35895.872297178,5,60,5762600,1
2019-12-16 09:59:13.732431000,35953.732430851,5,100,5759600,-1
2019-12-16 09:59:33.886194000,35973.886194357,5,100,5758600,1
2019-12-16 09:59:33.886194000,35973.886194357,5,90,5757800,1
2019-12-16 09:59:33.886194000,35973.886194357,5,10,5757700,1
2019-12-16 09:59:40.521692000,35980.521691692,5,100,5759150,1
2019-12-16 09:59:40.522925000,35980.52292471,4,80,5758700,1
2019-12-16 09:59:40.523028999,35980.523029381,4,20,5758700,1
2019-12-16 09:59:40.523028999,35980.523029381,5,80,5758700,1
2019-12-16 09:59:40.523032000,35980.523031619,5,20,5758700,1
2019-12-16 09:59:40.524198000,35980.524198202,4,100,5758600,1
2019-12-16 09:59:40.526584999,35980.526584737,4,100,5758200,1
2019-12-16 09:59:45.977472000,35985.977471982995,5,20,5758500,1
2019-12-16 09:59:53.196051000,35993.196051111,5,20,5758350,1
2019-12-16 09:59:59.633110000,35999.633109848,5,100,5758200,1
2019-12-16 09:59:59.634234000,35999.634234478,4,100,5757600,1
2019-12-16 10:00:00.419415000,36000.41941535,5,100,5757700,1
2019-12-16 10:00:00.420027000,36000.42002673,5,100,5756600,1
2019-12-16 10:00:00.420457000,36000.420456828,4,100,5756300,1
2019-12-16 10:00:00.420457000,36000.420456828,4,200,5756000,1
2019-12-16 10:00:00.420457000,36000.420456828,5,3,5756000,1
2019-12-16 10:00:00.420457000,36000.420456828,4,100,5755600,1
2019-12-16 10:00:00.420457000,36000.420456828,5,2,5755600,1
2019-12-16 10:00:00.420457000,36000.420456828,5,2,5755500,1
2019-12-16 10:00:00.435859000,36000.435859453,5,3,5755400,1
2019-12-16 10:00:00.435859000,36000.435859453,5,2,5755300,1
2019-12-16 10:00:00.435859000,36000.435859453,4,11,5755000,1
2019-12-16 10:00:00.435953000,36000.435953062,4,46,5755000,1
2019-12-16 10:00:00.439418000,36000.43941758,4,43,5755000,1
2019-12-16 10:00:00.439418000,36000.43941758,4,5,5755000,1
2019-12-16 10:00:00.448285000,36000.448285467,4,52,5754500,1
2019-12-16 10:00:00.452388000,36000.452387861,4,48,5754500,1
2019-12-16 10:00:00.454893000,36000.454893499,5,60,5754200,1
2019-12-16 10:00:00.454893000,36000.454893499,4,15,5754000,1
2019-12-16 10:00:00.458043000,36000.458042701,4,50,5753400,1
2019-12-16 10:00:00.463194000,36000.463193657,4,50,5753400,1
2019-12-16 10:00:00.478505000,36000.478504752005,4,90,5752000,1
2019-12-16 10:00:00.482115000,36000.482115131,4,10,5752000,1
2019-12-16 10:00:00.603492000,36000.603491772,4,100,5754200,-1
2019-12-16 10:00:00.635791000,36000.635791303,4,100,5752400,-1
2019-12-16 10:00:00.643528000,36000.643528424,4,90,5751800,1
2019-12-16 10:00:00.686833000,36000.686833236,4,50,5752400,-1
2019-12-16 10:00:00.697629000,36000.697628621,4,75,5752400,-1
2019-12-16 10:00:00.697629000,36000.697628621,4,1,5752400,-1
2019-12-16 10:00:00.697974000,36000.697974235,4,10,5753000,1
2019-12-16 10:00:00.706337000,36000.706337046,5,100,5752500,1
2019-12-16 10:00:00.706337000,36000.706337046,4,100,5752400,1
2019-12-16 10:00:00.709958000,36000.70995764,4,80,5752400,1
2019-12-16 10:00:00.890472000,36000.890471955,4,20,5753000,1
2019-12-16 10:00:01.077052000,36001.077051613,5,100,5752800,-1
2019-12-16 10:00:01.077117000,36001.077117044,4,15,5753100,-1
2019-12-16 10:00:01.077117000,36001.077117044,4,85,5753100,-1
2019-12-16 10:00:01.082333000,36001.082333242004,4,15,5753100,-1
2019-12-16 10:00:01.311894000,36001.311893946004,4,100,5753100,-1
2019-12-16 10:00:02.585043000,36002.585042556,4,15,5754500,-1
2019-12-16 10:00:02.585043000,36002.585042556,4,15,5754600,-1
2019-12-16 10:00:02.585043000,36002.585042556,5,3,5754600,-1
2019-12-16 10:00:02.585043000,36002.585042556,5,3,5754700,-1
2019-12-16 10:00:02.585043000,36002.585042556,4,13,5754900,-1
2019-12-16 10:00:02.585043000,36002.585042556,5,2,5754900,-1
2019-12-16 10:00:02.700135000,36002.700135156,4,100,5754200,-1
2019-12-16 10:00:07.084228000,36007.084228064,4,15,5757200,-1
2019-12-16 10:00:07.084228000,36007.084228064,4,12,5757200,-1
2019-12-16 10:00:07.084341000,36007.084340825,4,13,5757600,-1
2019-12-16 10:00:07.302137000,36007.302136695,5,160,5756700,1
2019-12-16 10:00:08.204108000,36008.204107847,5,20,5758100,-1
2019-12-16 10:00:08.717848000,36008.717848272005,4,200,5754600,1
2019-12-16 10:00:08.720268000,36008.720268011,4,7,5754600,1
2019-12-16 10:00:08.720268000,36008.720268011,5,2,5754600,1
2019-12-16 10:00:08.728068000,36008.728068267,4,7,5756200,-1
2019-12-16 10:00:08.728068000,36008.728068267,5,93,5756100,-1
2019-12-16 10:00:08.738092000,36008.738092057996,4,30,5752400,1
2019-12-16 10:00:08.756580000,36008.756579843,4,100,5754000,1
2019-12-16 10:00:08.757852000,36008.757852335,4,70,5752400,1
2019-12-16 10:00:08.759581000,36008.75958118,4,15,5751800,1
2019-12-16 10:00:08.759581000,36008.75958118,4,1,5751300,1
2019-12-16 10:00:10.362350000,36010.362349976,5,100,5755700,-1
2019-12-16 10:00:10.717569000,36010.717568625,5,10,5756000,-1
2019-12-16 10:00:10.717569000,36010.717568625,4,90,5756100,-1
2019-12-16 10:00:10.717948000,36010.717947822,4,10,5756100,-1
2019-12-16 10:00:10.717948000,36010.717947822,4,15,5756100,-1
2019-12-16 10:00:10.718058000,36010.718057985,4,13,5756200,-1
2019-12-16 10:00:10.718058000,36010.718057985,4,15,5756200,-1
2019-12-16 10:00:10.718058000,36010.718057985,4,12,5756200,-1
2019-12-16 10:00:12.040357000,36012.040356898,5,23,5757500,-1
2019-12-16 10:00:12.315589000,36012.315589457,5,125,5754700,1
2019-12-16 10:00:12.322399000,36012.32239883,5,75,5755300,1
2019-12-16 10:00:12.514185000,36012.514185228,4,15,5756100,-1
2019-12-16 10:00:21.073024000,36021.073023611,4,100,5755400,1
2019-12-16 10:00:23.355891000,36023.355890904,5,100,5755400,-1
2019-12-16 10:00:23.404214000,36023.404213927,4,20,5752200,-1
2019-12-16 10:00:23.404217000,36023.404217236,4,200,5752200,-1
2019-12-16 10:00:23.404218000,36023.404218113996,4,72,5752200,-1
2019-12-16 10:00:23.404236000,36023.404235867005,4,208,5752200,-1
2019-12-16 10:00:23.627166000,36023.627165579,5,110,5752500,1
2019-12-16 10:00:29.515036000,36029.515035625,5,100,5753400,-1
2019-12-16 10:00:29.516229999,36029.516229527995,4,100,5753700,-1
2019-12-16 10:00:33.452310000,36033.452309805,4,100,5756000,-1
2019-12-16 10:00:33.452310000,36033.452309805,4,15,5756000,-1
2019-12-16 10:00:33.452310000,36033.452309805,4,85,5756000,-1
2019-12-16 10:00:33.452401000,36033.45240076,4,15,5756000,-1
2019-12-16 10:00:33.454322000,36033.454321517005,4,13,5756700,-1
2019-12-16 10:00:43.028959000,36043.028959159,5,100,5755300,1
2019-12-16 10:00:50.006434000,36050.006433929,5,100,5754300,1
2019-12-16 10:01:06.008787000,36066.008786807004,4,92,5755500,-1
2019-12-16 10:01:06.008816000,36066.008815636,4,8,5755500,-1
2019-12-16 10:01:09.962576000,36069.962575984,4,5,5756700,-1
2019-12-16 10:01:13.637513000,36073.637512923,5,100,5755700,1
2019-12-16 10:01:18.604040000,36078.6040398,4,100,5756000,1
2019-12-16 10:01:18.827521000,36078.827520737,5,100,5755000,1
2019-12-16 10:01:18.840560000,36078.840559741,4,100,5754800,1
2019-12-16 10:01:19.320278000,36079.320277715,4,100,5754800,1
2019-12-16 10:01:19.320827000,36079.320826596,5,3,5754700,1
2019-12-16 10:01:19.320827000,36079.320826596,5,13,5753900,1
2019-12-16 10:01:34.277557000,36094.277557362,5,100,5756200,-1
2019-12-16 10:01:34.281617000,36094.281617328,4,70,5756600,-1
2019-12-16 10:01:34.281753000,36094.28175311,4,9,5756600,-1
2019-12-16 10:01:34.282404000,36094.282403972,4,21,5756600,-1
2019-12-16 10:01:50.808011000,36110.808011374,5,20,5755500,1
2019-12-16 10:02:10.376059000,36130.376058894,5,100,5756400,-1
2019-12-16 10:02:10.377211000,36130.377211212995,4,98,5756800,-1
2019-12-16 10:02:10.377714000,36130.377713728,4,2,5756800,-1
2019-12-16 10:02:10.377742000,36130.377741656004,4,11,5757300,-1
2019-12-16 10:02:10.377928000,36130.377927898,4,13,5757400,-1
2019-12-16 10:02:10.378625000,36130.378624699,4,13,5757500,-1
2019-12-16 10:02:10.381005000,36130.381005238996,5,100,5759200,-1
2019-12-16 10:02:10.381102000,36130.381102341,4,100,5759200,1
2019-12-16 10:02:10.381130000,36130.381130300004,4,100,5759200,1
2019-12-16 10:02:10.381761000,36130.381760815,5,100,5759300,1
2019-12-16 10:02:10.383684000,36130.383684073,4,100,5759200,1
2019-12-16 10:02:10.402958000,36130.40295846,4,100,5759100,1
2019-12-16 10:02:10.402965000,36130.402964696004,4,100,5759100,1
2019-12-16 10:02:10.814271000,36130.814270572,4,100,5759800,-1
2019-12-16 10:02:11.524147999,36131.524148143,4,11,5761800,-1
2019-12-16 10:02:12.901904000,36132.901903962,5,15,5762300,-1
2019-12-16 10:02:12.998943000,36132.998943392995,4,15,5762600,-1
2019-12-16 10:02:22.712282000,36142.712281756,5,40,5762200,-1
2019-12-16 10:02:25.076365000,36145.076364624,5,200,5761600,1
2019-12-16 10:02:25.111439000,36145.111439325,5,100,5761600,1
2019-12-16 10:02:25.116794000,36145.116794065,4,100,5761500,1
2019-12-16 10:02:28.011788000,36148.011787514,5,1,5759100,1
2019-12-16 10:02:35.705189000,36155.705189399996,5,1,5760300,-1
2019-12-16 10:02:35.705189000,36155.705189399996,4,31,5760500,-1
2019-12-16 10:02:35.705189000,36155.705189399996,4,88,5760500,-1
2019-12-16 10:02:35.705498000,36155.705497734,4,12,5760500,-1
2019-12-16 10:02:35.705498000,36155.705497734,4,12,5760500,-1
2019-12-16 10:03:05.700616000,36185.700615521004,4,1,5757900,1
2019-12-16 10:03:16.490205000,36196.490204747,5,100,5757400,1
2019-12-16 10:03:16.490205000,36196.490204747,5,100,5757200,1
2019-12-16 10:03:16.553314000,36196.553314107005,4,100,5757100,1
2019-12-16 10:03:44.716542000,36224.716541659,5,7,5756600,1
2019-12-16 10:03:44.716700000,36224.716699519,5,3,5755900,1
2019-12-16 10:03:44.717083000,36224.717083307994,4,10,5756000,-1
2019-12-16 10:03:44.717175000,36224.717175228,4,83,5756000,-1
2019-12-16 10:03:44.717215000,36224.71721528,5,7,5755900,1
2019-12-16 10:03:44.717215000,36224.71721528,5,86,5755900,1
2019-12-16 10:03:44.732553000,36224.732553085,4,100,5756000,-1
2019-12-16 10:03:44.732553000,36224.732553085,5,17,5756000,-1
2019-12-16 10:03:44.732903000,36224.732903274,4,100,5756000,-1
2019-12-16 10:03:44.733257000,36224.733256615,4,83,5756000,-1
2019-12-16 10:03:44.733808000,36224.733808359,4,10,5756000,1
2019-12-16 10:03:44.736342000,36224.736342238,5,42,5756400,1
2019-12-16 10:03:44.736614000,36224.736614452,5,83,5756400,1
2019-12-16 10:03:44.736614000,36224.736614452,4,90,5756000,1
2019-12-16 10:03:44.736614000,36224.736614452,4,26,5756000,1
2019-12-16 10:03:44.736710000,36224.736710138,4,74,5756000,1
2019-12-16 10:03:49.244119000,36229.244118596,5,11,5755100,1
2019-12-16 10:03:49.244237000,36229.244236683,5,57,5755100,1
2019-12-16 10:03:49.244237000,36229.244236683,5,7,5754900,1
2019-12-16 10:03:49.244237000,36229.244236683,4,13,5754700,1
2019-12-16 10:03:49.244295000,36229.244295124,4,12,5754700,1
2019-12-16 10:03:49.249273000,36229.249272612,4,75,5754700,1
2019-12-16 10:03:49.249273000,36229.249272612,5,25,5754700,1
2019-12-16 10:03:53.568965000,36233.568964503,5,100,5756200,-1
2019-12-16 10:03:54.045502000,36234.045501662,5,39,5756300,-1
2019-12-16 10:03:54.048919000,36234.048919162,5,100,5756400,-1
2019-12-16 10:03:54.049179000,36234.049178834,4,100,5756500,-1
2019-12-16 10:03:54.050209000,36234.05020855,4,100,5757100,-1
2019-12-16 10:03:54.052292000,36234.052292227,5,4,5757100,-1
2019-12-16 10:03:54.052292000,36234.052292227,5,2,5757500,-1
2019-12-16 10:03:54.052292000,36234.052292227,5,2,5757600,-1
2019-12-16 10:03:54.052292000,36234.052292227,4,92,5757800,-1
2019-12-16 10:03:54.066878000,36234.066877665,4,2,5757800,-1
2019-12-16 10:03:54.067154000,36234.067154177,4,6,5757800,-1
2019-12-16 10:04:00.049289000,36240.049288872004,5,100,5756000,1
2019-12-16 10:04:00.049289000,36240.049288872004,5,57,5755300,1
2019-12-16 10:04:00.049289000,36240.049288872004,4,14,5754900,1
2019-12-16 10:04:00.049289000,36240.049288872004,4,12,5753900,1
2019-12-16 10:04:00.049289000,36240.049288872004,4,18,5753900,1
2019-12-16 10:04:00.049289000,36240.049288872004,5,100,5753800,1
2019-12-16 10:04:00.049289000,36240.049288872004,4,99,5753700,1
2019-12-16 10:04:00.059339000,36240.059338975,5,200,5753800,1
2019-12-16 10:04:00.059339000,36240.059338975,4,1,5753700,1
2019-12-16 10:04:00.059339000,36240.059338975,4,12,5753700,1
2019-12-16 10:04:00.059339000,36240.059338975,4,14,5753700,1
2019-12-16 10:04:00.122966000,36240.122965755,5,100,5757800,-1
2019-12-16 10:04:23.233516000,36263.233516381,5,100,5755700,1
2019-12-16 10:04:23.238424000,36263.238423764,4,100,5755100,1
2019-12-16 10:04:23.240637000,36263.240636871,5,100,5754500,1
2019-12-16 10:04:34.199616000,36274.199616049,4,3,5753000,1
2019-12-16 10:04:34.201976000,36274.201975791,5,6,5752300,1
2019-12-16 10:04:35.745306000,36275.745306216,5,1,5752300,1
2019-12-16 10:04:57.503994000,36297.503993857004,4,1,5751200,1
2019-12-16 10:04:57.503994000,36297.503993857004,4,999,5751200,1
2019-12-16 10:04:57.504063000,36297.504063156004,4,1,5751200,1
2019-12-16 10:04:57.510986000,36297.510986084,5,3,5750200,1
2019-12-16 10:04:57.510986000,36297.510986084,4,100,5750100,1
2019-12-16 10:04:57.510986000,36297.510986084,5,4,5750100,1
2019-12-16 10:04:57.517223000,36297.517223302,4,80,5750000,1
2019-12-16 10:04:57.517223000,36297.517223302,4,10,5750000,1
2019-12-16 10:04:57.517223000,36297.517223302,4,9,5750000,1
2019-12-16 10:04:57.517223000,36297.517223302,4,1,5750000,1
2019-12-16 10:04:57.517317999,36297.517318266,4,49,5750000,1
2019-12-16 10:04:57.517317999,36297.517318266,5,2,5750000,1
2019-12-16 10:05:00.142236000,36300.142235545,5,1,5749700,1
2019-12-16 10:05:00.590215000,36300.590215031,5,2,5749700,1
2019-12-16 10:05:00.590215000,36300.590215031,5,2,5749600,1
2019-12-16 10:05:00.590215000,36300.590215031,4,55,5748100,1
2019-12-16 10:05:00.590215000,36300.590215031,4,100,5748000,1
2019-12-16 10:05:04.105184000,36304.10518448,4,10,5746400,1
2019-12-16 10:05:04.690980000,36304.690979947,5,20,5747700,-1
2019-12-16 10:05:06.451431000,36306.451430866,5,2,5747700,-1
2019-12-16 10:05:11.152631000,36311.15263112,4,81,5746500,1
2019-12-16 10:05:11.152631000,36311.15263112,4,15,5746500,1
2019-12-16 10:05:11.152787000,36311.15278685,4,24,5746400,1
2019-12-16 10:05:11.152787000,36311.15278685,4,15,5746300,1
2019-12-16 10:05:11.152787000,36311.15278685,4,13,5746300,1
2019-12-16 10:05:11.167846000,36311.167845826,5,100,5746100,1
2019-12-16 10:05:11.181473000,36311.181473057004,4,13,5746000,1
2019-12-16 10:05:12.639585000,36312.639585216,4,2,5745400,1
2019-12-16 10:05:15.212245000,36315.212244615,4,50,5745000,1
2019-12-16 10:05:15.212245000,36315.212244615,5,2,5744700,1
2019-12-16 10:05:15.212245000,36315.212244615,5,2,5744400,1
2019-12-16 10:05:15.212245000,36315.212244615,4,15,5744300,1
2019-12-16 10:05:15.212245000,36315.212244615,5,4,5744300,1
2019-12-16 10:05:15.212245000,36315.212244615,5,4,5744200,1
2019-12-16 10:05:15.212245000,36315.212244615,5,2,5744100,1
2019-12-16 10:05:15.212245000,36315.212244615,5,3,5744000,1
2019-12-16 10:05:17.361083000,36317.361083027004,5,100,5744000,-1
2019-12-16 10:05:20.042400000,36320.042400314,5,100,5743500,1
2019-12-16 10:05:20.044041000,36320.044041202,4,100,5743400,1
2019-12-16 10:05:20.047651000,36320.047650707005,4,1,5743000,1
2019-12-16 10:05:20.047651000,36320.047650707005,4,13,5743000,1
2019-12-16 10:05:20.047651000,36320.047650707005,4,15,5742600,1
2019-12-16 10:05:20.047651000,36320.047650707005,5,2,5742600,1
2019-12-16 10:05:20.047651000,36320.047650707005,4,15,5742500,1
2019-12-16 10:05:20.047651000,36320.047650707005,5,3,5742500,1
2019-12-16 10:05:20.047651000,36320.047650707005,4,100,5742300,1
2019-12-16 10:05:20.051019000,36320.051018704,4,100,5741600,1
2019-12-16 10:05:20.051019000,36320.051018704,4,13,5741600,1
2019-12-16 10:05:20.051019000,36320.051018704,4,15,5741600,1
2019-12-16 10:05:20.053518000,36320.053518076,4,100,5741200,1
2019-12-16 10:05:20.053518000,36320.053518076,4,100,5741200,1
2019-12-16 10:05:20.053518000,36320.053518076,4,13,5741200,1
2019-12-16 10:05:20.053518000,36320.053518076,4,15,5741200,1
2019-12-16 10:05:20.058821000,36320.058820795,4,5,5741000,1
2019-12-16 10:05:20.058821000,36320.058820795,4,13,5741000,1
2019-12-16 10:05:20.058821000,36320.058820795,4,15,5741000,1
2019-12-16 10:05:20.058821000,36320.058820795,4,5,5740900,1
2019-12-16 10:05:20.058821000,36320.058820795,4,5,5740900,1
2019-12-16 10:05:20.058821000,36320.058820795,5,200,5740800,1
2019-12-16 10:05:20.058821000,36320.058820795,4,2,5740000,1
2019-12-16 10:05:20.058821000,36320.058820795,4,336,5740000,1
2019-12-16 10:05:20.059008000,36320.059007703,4,300,5740000,1
2019-12-16 10:05:20.103279000,36320.103278891,4,100,5743400,1
2019-12-16 10:05:41.060231000,36341.060230536,5,100,5745200,1
2019-12-16 10:05:45.215045000,36345.215045419,5,21,5747100,-1
2019-12-16 10:05:45.215045000,36345.215045419,5,53,5747200,-1
2019-12-16 10:05:45.215045000,36345.215045419,5,26,5747200,-1
2019-12-16 10:05:45.215171000,36345.215170548996,5,101,5747200,-1
2019-12-16 10:05:45.243354000,36345.243353952,4,1,5747800,-1
2019-12-16 10:05:45.267998000,36345.267997683,5,100,5747700,-1
2019-12-16 10:05:51.571270000,36351.571270358996,5,100,5747600,-1
2019-12-16 10:05:51.579103000,36351.579103207005,5,100,5747600,-1
2019-12-16 10:05:51.586434000,36351.586433778,5,100,5747600,-1
2019-12-16 10:05:51.593907000,36351.593907455,5,93,5747600,-1
2019-12-16 10:05:51.738931000,36351.738930749,5,73,5747700,-1
2019-12-16 10:05:51.738931000,36351.738930749,4,27,5747800,-1
2019-12-16 10:05:54.084688000,36354.084688495,4,73,5747800,-1
2019-12-16 10:05:54.084818000,36354.084818132,4,100,5747900,-1
2019-12-16 10:05:54.084926000,36354.08492606,5,2,5747900,-1
2019-12-16 10:05:54.086000000,36354.086000231,5,2,5748000,-1
2019-12-16 10:06:03.967430000,36363.967429719,5,17,5749600,-1
2019-12-16 10:06:04.087853000,36364.087853278,5,100,5750100,-1
2019-12-16 10:06:04.087853000,36364.087853278,4,100,5750200,-1
2019-12-16 10:06:04.087987000,36364.087986582,4,66,5750200,-1
2019-12-16 10:06:04.088055000,36364.088055372995,4,34,5750200,-1
2019-12-16 10:06:04.119542000,36364.119542086,4,15,5750600,-1
2019-12-16 10:06:04.119542000,36364.119542086,4,15,5750700,-1
2019-12-16 10:06:04.119542000,36364.119542086,5,3,5750700,-1
2019-12-16 10:06:04.241422000,36364.241422098,5,100,5751500,-1
2019-12-16 10:06:10.438980000,36370.438980367995,5,100,5750700,-1
2019-12-16 10:06:15.747739000,36375.747738644,5,100,5751300,-1
2019-12-16 10:06:15.747739000,36375.747738644,5,100,5751400,-1
2019-12-16 10:06:15.747885000,36375.747885168996,5,100,5751500,-1
2019-12-16 10:06:15.747885000,36375.747885168996,4,27,5751600,-1
2019-12-16 10:06:15.747911000,36375.747911094,4,73,5751600,-1
2019-12-16 10:06:15.747911000,36375.747911094,4,54,5751600,-1
2019-12-16 10:06:15.748901000,36375.748900737,4,46,5751600,-1
2019-12-16 10:06:15.750364000,36375.750364031,5,100,5751200,-1
2019-12-16 10:06:15.768851000,36375.768851169,5,2,5751700,-1
2019-12-16 10:06:15.768851000,36375.768851169,5,3,5751800,-1
2019-12-16 10:06:15.768851000,36375.768851169,5,3,5751900,-1
2019-12-16 10:06:15.768851000,36375.768851169,5,3,5752100,-1
2019-12-16 10:06:15.768851000,36375.768851169,5,2,5752500,-1
2019-12-16 10:06:15.932399000,36375.932399354,4,100,5753800,-1
2019-12-16 10:06:49.880781000,36409.8807809,5,100,5750800,1
2019-12-16 10:06:49.880980000,36409.880980227004,5,98,5750300,1
2019-12-16 10:06:49.880980000,36409.880980227004,4,2,5750100,1
2019-12-16 10:06:49.881165000,36409.881164825,4,98,5750100,1
2019-12-16 10:06:49.881165000,36409.881164825,4,2,5750000,1
2019-12-16 10:06:49.881335000,36409.881334899,5,100,5750300,1
2019-12-16 10:06:49.881463000,36409.881462991,4,98,5750100,1
2019-12-16 10:06:49.881484000,36409.881484379,4,2,5750100,1
2019-12-16 10:06:49.883128000,36409.883128192,4,98,5750000,1
2019-12-16 10:07:00.971117000,36420.971116684,5,23,5747800,1
2019-12-16 10:07:00.972623000,36420.972622548,5,100,5747800,1
2019-12-16 10:07:03.930237000,36423.93023711,4,100,5747800,1
2019-12-16 10:07:03.930797000,36423.930797483,4,100,5747700,1
2019-12-16 10:07:03.931628000,36423.931627556,5,4,5747700,1
2019-12-16 10:07:03.931628000,36423.931627556,5,4,5747500,1
2019-12-16 10:07:03.931628000,36423.931627556,4,92,5747400,1
2019-12-16 10:07:03.933624000,36423.933623853,4,8,5747400,1
2019-12-16 10:07:03.933624000,36423.933623853,5,4,5747400,1
2019-12-16 10:07:03.933624000,36423.933623853,4,188,5747300,1
2019-12-16 10:07:03.938266000,36423.938266323996,4,100,5747800,1
2019-12-16 10:07:28.035171000,36448.03517109,4,100,5747800,1
2019-12-16 10:07:28.568405000,36448.568405014,4,1,5747800,1
2019-12-16 10:07:30.127864000,36450.127864079,4,99,5747800,1
2019-12-16 10:07:30.127864000,36450.127864079,4,401,5747300,1
2019-12-16 10:07:30.134044000,36450.134044023,4,33,5747300,1
2019-12-16 10:07:30.134274000,36450.134274131,4,100,5747300,1
2019-12-16 10:07:30.135080000,36450.135080228,4,110,5747300,1
2019-12-16 10:07:30.135080000,36450.135080228,5,4,5747300,1
2019-12-16 10:07:35.595647000,36455.595646707,4,1,5743400,1
2019-12-16 10:07:37.018515000,36457.018514568,4,100,5746400,-1
2019-12-16 10:07:37.105391000,36457.105390946,4,14,5747300,-1
2019-12-16 10:07:37.105979000,36457.105978959,4,12,5748500,-1
2019-12-16 10:07:37.105979000,36457.105978959,4,11,5748500,-1
2019-12-16 10:07:37.106627000,36457.106626962996,4,75,5747400,1
2019-12-16 10:07:37.106645000,36457.106644544,4,100,5747400,1
2019-12-16 10:07:37.106727000,36457.10672665,4,25,5747400,1
2019-12-16 10:07:37.107641000,36457.107640897004,5,100,5746500,1
2019-12-16 10:07:37.116487000,36457.116487267995,4,12,5749500,-1
2019-12-16 10:07:37.116487000,36457.116487267995,4,14,5749500,-1
2019-12-16 10:07:37.116487000,36457.116487267995,5,4,5749500,-1
2019-12-16 10:07:37.820290000,36457.820289954,4,14,5750800,-1
2019-12-16 10:07:38.129729000,36458.129728882996,4,11,5751700,-1
2019-12-16 10:07:39.042251000,36459.042250996004,4,89,5751700,-1
2019-12-16 10:07:39.042251000,36459.042250996004,4,100,5751700,-1
2019-12-16 10:07:39.042971000,36459.042970563,4,100,5752600,-1
2019-12-16 10:07:39.777536000,36459.777535992995,4,100,5754700,-1
2019-12-16 10:07:39.777638000,36459.777637622996,4,12,5755000,-1
2019-12-16 10:07:39.779705000,36459.779705005,4,100,5754800,1
2019-12-16 10:07:50.119146000,36470.119146048,5,100,5753500,1
2019-12-16 10:07:50.952138000,36470.952137749,4,100,5754400,-1
2019-12-16 10:08:10.184804000,36490.184804481,4,100,5754100,-1
2019-12-16 10:08:10.184960000,36490.18496049,4,68,5754400,-1
2019-12-16 10:08:10.185121000,36490.185120798,4,2,5754400,-1
2019-12-16 10:08:10.185133000,36490.185133084,4,130,5754400,-1
2019-12-16 10:08:10.185133000,36490.185133084,5,4,5754400,-1
2019-12-16 10:08:23.331772000,36503.331772405,4,64,5754800,-1
2019-12-16 10:08:23.331779000,36503.331778664,4,36,5754800,-1
2019-12-16 10:08:49.825975000,36529.825975467,4,1,5752800,1
2019-12-16 10:09:09.653761000,36549.653761224,5,100,5751300,1
2019-12-16 10:09:16.056553000,36556.056553379,5,100,5752900,-1
2019-12-16 10:09:16.056553000,36556.056553379,4,100,5753100,-1
2019-12-16 10:09:16.056633000,36556.056632654,4,100,5753100,-1
2019-12-16 10:09:16.128032000,36556.12803224,4,100,5753300,-1
2019-12-16 10:09:39.305807000,36579.305807325,4,10,5754000,-1
2019-12-16 10:09:39.305807000,36579.305807325,4,90,5756000,-1
2019-12-16 10:09:39.322356000,36579.322356166,4,10,5756000,-1
2019-12-16 10:09:52.135534000,36592.135534006,5,1,5751600,1
2019-12-16 10:10:06.152895000,36606.152894877,5,1,5752700,1
2019-12-16 10:10:06.152975000,36606.152974803,5,1,5752700,1
2019-12-16 10:10:06.153035000,36606.15303485,5,1,5752700,1
2019-12-16 10:10:06.153139000,36606.153138849,5,1,5752700,1
2019-12-16 10:10:06.153238000,36606.153238401,5,1,5752700,1
2019-12-16 10:10:06.153339000,36606.153338517004,5,1,5752700,1
2019-12-16 10:10:06.153439000,36606.153439202004,5,1,5752700,1
2019-12-16 10:10:06.153541000,36606.153541289,5,1,5752700,1
2019-12-16 10:10:06.153657000,36606.153657435,5,1,5752700,1
2019-12-16 10:10:06.153763000,36606.153763366005,5,1,5752700,1
2019-12-16 10:10:06.153871000,36606.153871012,5,1,5752700,1
2019-12-16 10:10:06.153970000,36606.153970035,5,1,5752700,1
2019-12-16 10:10:06.154070000,36606.154069943,5,1,5752700,1
2019-12-16 10:10:06.154168000,36606.154167717,5,1,5752700,1
2019-12-16 10:10:06.154278000,36606.154277637004,5,1,5752700,1
2019-12-16 10:10:06.154378000,36606.154377833,5,1,5752700,1
2019-12-16 10:10:06.154482000,36606.154482144,5,1,5752700,1
2019-12-16 10:10:06.154588000,36606.154587793,5,1,5752700,1
2019-12-16 10:10:06.154688000,36606.154688165,5,1,5752700,1
2019-12-16 10:10:06.154797000,36606.154796821,5,1,5752700,1
2019-12-16 10:10:06.154903000,36606.154902771,5,1,5752700,1
2019-12-16 10:10:06.155011000,36606.155011344,5,1,5752700,1
2019-12-16 10:10:06.155110000,36606.155109921,5,1,5752700,1
2019-12-16 10:10:06.155208000,36606.155208302,5,1,5752700,1
2019-12-16 10:10:06.155305000,36606.155305164,5,1,5752700,1
2019-12-16 10:10:06.155408000,36606.15540809,5,1,5752700,1
2019-12-16 10:10:06.155506000,36606.155505524,5,1,5752700,1
2019-12-16 10:10:06.155609000,36606.155609182,5,1,5752700,1
2019-12-16 10:10:06.155708000,36606.155707569,5,1,5752700,1
2019-12-16 10:10:06.155811000,36606.15581141,5,1,5752700,1
2019-12-16 10:10:06.155910000,36606.155909687004,5,1,5752700,1
2019-12-16 10:10:06.315202000,36606.315201794,4,1,5752600,1
2019-12-16 10:10:12.337293000,36612.337293412995,4,100,5754200,-1
2019-12-16 10:10:12.820994000,36612.820993722,4,100,5754100,-1
2019-12-16 10:10:27.210034000,36627.210034469,4,155,5754000,-1
2019-12-16 10:10:31.757841000,36631.75784126,4,2,5752200,1
2019-12-16 10:10:31.757947000,36631.757946959,4,100,5752000,1
2019-12-16 10:10:31.758227000,36631.758226525,5,100,5751600,1
2019-12-16 10:10:31.761185000,36631.761185476,4,100,5752000,1
2019-12-16 10:10:51.466885000,36651.466884543,5,1,5753600,-1
2019-12-16 10:10:51.466885000,36651.466884543,5,49,5753700,-1
2019-12-16 10:10:53.309091000,36653.309090865,5,2,5753700,-1
2019-12-16 10:10:53.309091000,36653.309090865,4,51,5753800,-1
2019-12-16 10:10:53.312376000,36653.312375883,4,49,5753800,-1
2019-12-16 10:10:54.839741000,36654.839740615,4,18,5754000,-1
2019-12-16 10:10:54.839892000,36654.839892183,4,127,5754000,-1
2019-12-16 10:10:54.839892000,36654.839892183,4,73,5754000,-1
2019-12-16 10:10:54.839911000,36654.839910856004,4,27,5754000,-1
2019-12-16 10:10:54.839911000,36654.839910856004,4,100,5754000,-1
2019-12-16 10:10:57.406381000,36657.406381292996,4,1,5755200,-1
2019-12-16 10:10:57.407206000,36657.407206109,4,98,5755700,-1
2019-12-16 10:10:57.407300000,36657.407299546,4,2,5755700,-1
2019-12-16 10:11:00.512544000,36660.512543854,4,71,5757000,-1
2019-12-16 10:11:00.512673999,36660.512673664,4,29,5757000,-1
2019-12-16 10:11:00.512673999,36660.512673664,4,11,5757000,-1
2019-12-16 10:11:00.513057000,36660.513056968,4,100,5757800,-1
2019-12-16 10:11:02.167908000,36662.167908429,5,51,5758400,1
2019-12-16 10:11:02.167908000,36662.167908429,5,14,5758400,1
2019-12-16 10:11:02.167908000,36662.167908429,4,35,5758300,1
2019-12-16 10:11:02.167937000,36662.167936985,4,65,5758300,1
2019-12-16 10:11:02.167937000,36662.167936985,4,100,5758300,1
2019-12-16 10:11:03.043652000,36663.043651541004,4,100,5756300,-1
2019-12-16 10:11:08.675573000,36668.675573214,4,100,5756000,-1
2019-12-16 10:11:17.708964000,36677.708963801,5,100,5756600,1
2019-12-16 10:11:17.708964000,36677.708963801,4,100,5756300,1
2019-12-16 10:11:17.709036000,36677.709035625,4,100,5756300,1
2019-12-16 10:11:20.344373000,36680.344373165,4,34,5754400,1
2019-12-16 10:11:23.903890000,36683.903889551,4,100,5755500,1
2019-12-16 10:11:23.904250000,36683.904250154,4,200,5754900,1
2019-12-16 10:11:23.910212000,36683.910212213996,4,100,5754500,-1
2019-12-16 10:11:23.910225000,36683.910224857005,5,100,5754500,-1
2019-12-16 10:11:26.181746000,36686.181745729,4,9,5753800,1
2019-12-16 10:11:27.424694000,36687.424693853,4,60,5753400,-1
2019-12-16 10:11:27.504062000,36687.504061698,4,40,5753400,-1
2019-12-16 10:11:42.179455000,36702.179454814,5,60,5754000,1
2019-12-16 10:11:44.258467000,36704.258466572996,5,100,5752700,-1
2019-12-16 10:11:55.385158000,36715.385158071,5,200,5752450,-1
2019-12-16 10:11:55.397346000,36715.397346192,4,100,5753700,-1
2019-12-16 10:11:59.045705000,36719.045705306,5,200,5752900,-1
2019-12-16 10:11:59.056986000,36719.056986432,4,8,5754100,-1
2019-12-16 10:11:59.057161000,36719.057160847005,5,100,5752900,-1
2019-12-16 10:11:59.101671000,36719.101671421,5,100,5752900,-1
2019-12-16 10:12:02.182889000,36722.182889078,5,200,5752900,-1
2019-12-16 10:12:04.549909000,36724.54990853,5,200,5752850,-1
2019-12-16 10:12:07.205075000,36727.205074609,5,21,5753800,-1
2019-12-16 10:12:07.205075000,36727.205074609,4,79,5754100,-1
2019-12-16 10:12:07.205167000,36727.205166991,4,21,5754100,-1
2019-12-16 10:12:07.213916000,36727.213916353,4,100,5754600,-1
2019-12-16 10:12:18.203374000,36738.203374259,4,20,5755200,-1
2019-12-16 10:12:28.178010000,36748.178009954,4,100,5754100,1
2019-12-16 10:12:35.058404000,36755.058404296,5,10,5753800,-1
2019-12-16 10:12:35.087485000,36755.087485186,4,80,5755200,-1
2019-12-16 10:12:35.087485000,36755.087485186,4,20,5755200,-1
2019-12-16 10:12:35.087650000,36755.087650413996,4,80,5755200,-1
2019-12-16 10:12:35.087650000,36755.087650413996,4,100,5755200,-1
2019-12-16 10:13:21.951753000,36801.951752591,5,100,5755300,1
2019-12-16 10:13:21.958151000,36801.958151378,4,100,5755100,1
2019-12-16 10:13:22.134111000,36802.134110688996,5,20,5754800,1
2019-12-16 10:13:22.134226000,36802.134225552,5,20,5754800,1
2019-12-16 10:13:22.218241000,36802.218240525,5,60,5754800,1
2019-12-16 10:13:22.218241000,36802.218240525,4,40,5753600,1
2019-12-16 10:13:27.381184000,36807.381184079,4,100,5754000,-1
2019-12-16 10:13:30.722418000,36810.722417742996,4,103,5753600,1
2019-12-16 10:13:30.722518000,36810.722518014,4,57,5753600,1
2019-12-16 10:13:53.366896000,36833.36689558,5,1,5753000,1
2019-12-16 10:13:53.390071000,36833.390071086,4,1,5752700,1
2019-12-16 10:14:01.166799000,36841.166799496,5,9,5754900,-1
2019-12-16 10:14:44.602030000,36884.602029712005,5,200,5752600,-1
2019-12-16 10:14:44.602030000,36884.602029712005,4,100,5753600,-1
2019-12-16 10:14:44.634336000,36884.634336307005,5,100,5754200,-1
2019-12-16 10:14:59.205074000,36899.205074253,4,10,5755000,-1
2019-12-16 10:14:59.205143000,36899.205142554,4,90,5755000,-1
2019-12-16 10:14:59.205143000,36899.205142554,4,100,5755000,-1
2019-12-16 10:14:59.205143000,36899.205142554,4,100,5755000,-1
2019-12-16 10:15:08.236934000,36908.236933568,4,100,5755400,-1
2019-12-16 10:15:08.237012000,36908.237012137004,4,100,5755600,-1
2019-12-16 10:15:08.237345000,36908.237344777,5,3,5755600,-1
2019-12-16 10:15:09.311837000,36909.311837388996,5,45,5757600,-1
2019-12-16 10:15:09.311837000,36909.311837388996,4,155,5757800,-1
2019-12-16 10:15:09.312276000,36909.312275889,4,45,5757800,-1
2019-12-16 10:15:09.335472000,36909.335471885,4,12,5758700,-1
2019-12-16 10:15:09.335565000,36909.335565285,4,12,5758800,-1
2019-12-16 10:15:09.373713000,36909.373713135,4,10,5758900,-1
2019-12-16 10:15:09.373713000,36909.373713135,4,12,5759100,-1
2019-12-16 10:15:09.373713000,36909.373713135,4,100,5759300,-1
2019-12-16 10:15:09.373713000,36909.373713135,5,4,5759300,-1
2019-12-16 10:15:25.865808000,36925.86580781,5,45,5756900,1
2019-12-16 10:15:25.865808000,36925.86580781,4,1,5756400,1
2019-12-16 10:15:25.865808000,36925.86580781,5,3,5756400,1
2019-12-16 10:15:59.886131000,36959.886131386,4,100,5757100,1
2019-12-16 10:15:59.896203000,36959.896202854,5,2,5756700,1
2019-12-16 10:15:59.896203000,36959.896202854,5,2,5756500,1
2019-12-16 10:15:59.896203000,36959.896202854,5,96,5756300,1
2019-12-16 10:15:59.913951000,36959.913951493,5,4,5756300,1
2019-12-16 10:15:59.913951000,36959.913951493,4,96,5755700,1
2019-12-16 10:15:59.914727000,36959.914726796,4,4,5755700,1
2019-12-16 10:16:25.868646000,36985.868645673,5,100,5757400,-1
2019-12-16 10:16:25.868646000,36985.868645673,5,100,5758100,-1
2019-12-16 10:16:25.868646000,36985.868645673,5,200,5758200,-1
2019-12-16 10:16:25.868646000,36985.868645673,4,100,5758500,-1
2019-12-16 10:16:25.874314000,36985.874313794,5,100,5758000,-1
2019-12-16 10:16:32.646604000,36992.646603959,4,100,5758500,-1
2019-12-16 10:16:32.646604000,36992.646603959,4,100,5758500,-1
2019-12-16 10:16:32.646604000,36992.646603959,4,100,5758500,-1
2019-12-16 10:16:32.648080000,36992.648080449,4,100,5758500,-1
2019-12-16 10:16:32.654803000,36992.654802523,4,73,5758500,-1
2019-12-16 10:16:32.654932000,36992.654931917,4,27,5758500,-1
2019-12-16 10:16:52.027633000,37012.027633442995,5,100,5758700,1
2019-12-16 10:16:52.027738000,37012.027738142,5,93,5758700,1
2019-12-16 10:16:52.027738000,37012.027738142,5,10,5758600,1
2019-12-16 10:16:52.027738000,37012.027738142,4,27,5758500,1
2019-12-16 10:16:52.027846000,37012.027845902005,4,63,5758500,1
2019-12-16 10:16:52.027846000,37012.027845902005,4,100,5758500,1
2019-12-16 10:16:52.027846000,37012.027845902005,4,40,5758500,1
2019-12-16 10:16:52.027944000,37012.027944462,5,70,5758500,1
2019-12-16 10:16:52.027982000,37012.027981747,5,30,5758500,1
2019-12-16 10:16:52.027982000,37012.027981747,4,70,5758200,1
2019-12-16 10:16:52.028894000,37012.028894063,4,30,5758200,1
2019-12-16 10:16:52.255980000,37012.255979753,5,100,5757500,1
2019-12-16 10:17:17.979259000,37037.979258711,4,50,5758600,-1
2019-12-16 10:17:17.980533000,37037.980532769,4,100,5758600,1
2019-12-16 10:17:45.465786000,37065.465786347995,5,100,5759500,-1
2019-12-16 10:17:47.005806000,37067.005806492,5,100,5759500,-1
2019-12-16 10:17:48.427784000,37068.427783719,5,100,5759100,1
2019-12-16 10:17:48.521043999,37068.521043805,5,100,5759100,1
2019-12-16 10:17:49.005057000,37069.005057256,5,50,5759100,1
2019-12-16 10:17:49.005057000,37069.005057256,5,50,5759100,1
2019-12-16 10:17:50.005901000,37070.005900507,5,14,5759100,1
2019-12-16 10:17:50.005901000,37070.005900507,5,50,5759100,1
2019-12-16 10:17:50.005901000,37070.005900507,4,24,5759000,1
2019-12-16 10:17:50.006011000,37070.006010627,4,12,5759000,1
2019-12-16 10:17:51.005106000,37071.005105963995,5,64,5759700,1
2019-12-16 10:17:52.004922000,37072.004921800006,5,36,5759700,1
2019-12-16 10:17:52.004922000,37072.004921800006,4,28,5759200,1
2019-12-16 10:17:54.281511000,37074.281511416004,4,100,5760000,-1
2019-12-16 10:17:54.282981000,37074.282981332,4,100,5760100,-1
2019-12-16 10:17:54.285697000,37074.28569669,4,37,5760100,-1
2019-12-16 10:17:54.285697000,37074.28569669,4,124,5760100,-1
2019-12-16 10:17:54.285697000,37074.28569669,4,39,5760100,-1
2019-12-16 10:17:54.291215000,37074.291214674,4,95,5760100,-1
2019-12-16 10:17:54.291215000,37074.291214674,4,88,5760100,-1
2019-12-16 10:17:54.293255000,37074.293254874,4,11,5760100,-1
2019-12-16 10:17:54.293333000,37074.293332552,4,53,5760100,-1
2019-12-16 10:17:54.293333000,37074.293332552,4,139,5760100,-1
2019-12-16 10:17:54.293333000,37074.293332552,4,148,5760100,-1
2019-12-16 10:17:54.293439000,37074.293438561,5,2,5760100,-1
2019-12-16 10:17:56.853263000,37076.853262651,4,100,5760400,1
2019-12-16 10:17:56.853391000,37076.853390594,4,3,5760300,1
2019-12-16 10:17:56.853435000,37076.853434755,5,2,5760300,1
2019-12-16 10:17:56.854095000,37076.854094783,4,36,5759900,1
2019-12-16 10:18:23.068294000,37103.068294227,5,100,5759300,1
2019-12-16 10:18:23.069247000,37103.069247458996,5,86,5759200,1
2019-12-16 10:18:23.069892000,37103.069891665,5,14,5759400,1
2019-12-16 10:18:23.070571000,37103.070571195,5,14,5759400,1
2019-12-16 10:18:23.070571000,37103.070571195,5,86,5759100,1
2019-12-16 10:18:23.071189000,37103.071188682,5,19,5759100,1
2019-12-16 10:18:23.071189000,37103.071188682,5,62,5759000,1
2019-12-16 10:18:23.133592999,37103.133593101,5,100,5759000,1
2019-12-16 10:18:25.007299000,37105.007298624,4,100,5758900,1
2019-12-16 10:19:00.899179000,37140.899178962005,4,100,5758800,1
2019-12-16 10:19:00.899258000,37140.899258319,5,100,5758800,1
2019-12-16 10:19:00.900736000,37140.900736016,5,100,5758800,1
2019-12-16 10:19:00.900736000,37140.900736016,4,100,5758700,1
2019-12-16 10:19:00.900809000,37140.900809441,5,2,5758700,1
2019-12-16 10:19:01.234849000,37141.234848784,5,100,5758900,-1
2019-12-16 10:19:01.234849000,37141.234848784,5,200,5759000,-1
2019-12-16 10:19:03.659020000,37143.659019833,4,111,5758100,-1
2019-12-16 10:19:03.707506000,37143.7075057,4,50,5758100,-1
2019-12-16 10:19:03.759059000,37143.759058521,5,100,5758200,1
2019-12-16 10:19:03.759269000,37143.75926876,4,200,5758100,-1
2019-12-16 10:19:03.759281000,37143.759280889,4,100,5758100,-1
2019-12-16 10:19:03.759354000,37143.759354094,4,100,5758100,-1
2019-12-16 10:19:03.759382000,37143.759382007,4,100,5758100,-1
2019-12-16 10:19:03.759438000,37143.75943799,4,100,5758100,-1
2019-12-16 10:19:03.811267000,37143.811267375,5,125,5760400,-1
2019-12-16 10:19:03.811267000,37143.811267375,4,12,5761100,-1
2019-12-16 10:19:03.811267000,37143.811267375,4,63,5761300,-1
2019-12-16 10:19:04.394146000,37144.394146091,4,100,5757500,-1
2019-12-16 10:19:22.852828000,37162.852827947005,4,5,5759800,-1
2019-12-16 10:19:22.852828000,37162.852827947005,4,95,5760700,-1
2019-12-16 10:19:23.140123000,37163.140123209,4,5,5760700,-1
2019-12-16 10:19:38.149144000,37178.149144499,5,100,5758400,1
2019-12-16 10:19:46.756366000,37186.75636614,5,100,5758400,1
2019-12-16 10:19:46.756481000,37186.756480692995,5,101,5758400,1
2019-12-16 10:19:46.756496000,37186.756496435,5,100,5758400,1
2019-12-16 10:19:46.757981000,37186.757981272,5,100,5758400,1
2019-12-16 10:19:46.758079000,37186.758079488,5,1,5758400,1
2019-12-16 10:19:46.761703000,37186.761703257995,5,100,5758400,1
2019-12-16 10:19:46.818328000,37186.818327588,5,34,5758400,1
2019-12-16 10:19:46.818328000,37186.818327588,4,66,5758000,1
2019-12-16 10:19:46.818335000,37186.818335486,4,10,5758000,1
2019-12-16 10:19:46.818445000,37186.818444943,4,24,5758000,1
2019-12-16 10:19:46.818445000,37186.818444943,4,1,5758000,1
2019-12-16 10:19:46.818445000,37186.818444943,5,100,5758000,1
2019-12-16 10:19:46.818445000,37186.818444943,5,2,5757900,1
2019-12-16 10:19:46.818445000,37186.818444943,4,1,5757800,1
2019-12-16 10:19:46.818445000,37186.818444943,5,2,5757800,1
2019-12-16 10:20:06.934915000,37206.934914583,5,100,5758200,1
2019-12-16 10:20:17.547325000,37217.547325278996,5,93,5759000,-1
2019-12-16 10:20:17.547325000,37217.547325278996,4,100,5759200,-1
2019-12-16 10:20:17.551624000,37217.551623737,5,14,5761600,-1
2019-12-16 10:21:06.606959000,37266.60695883,5,9,5761300,-1
2019-12-16 10:21:06.607116000,37266.607115929,5,81,5761300,-1
2019-12-16 10:21:06.607116000,37266.607115929,4,100,5761400,-1
2019-12-16 10:21:06.607116000,37266.607115929,4,19,5761400,-1
2019-12-16 10:21:06.607508000,37266.607507502995,4,81,5761400,-1
2019-12-16 10:21:06.608052000,37266.608051806004,5,4,5761500,-1
2019-12-16 10:21:06.608052000,37266.608051806004,5,2,5761600,-1
2019-12-16 10:21:06.608052000,37266.608051806004,4,13,5761700,-1
2019-12-16 10:21:06.608177000,37266.608177269,4,87,5761700,-1
2019-12-16 10:21:06.608177000,37266.608177269,4,13,5761700,-1
2019-12-16 10:21:06.609267000,37266.609267322005,4,87,5761700,-1
2019-12-16 10:21:06.609267000,37266.609267322005,5,4,5761700,-1
2019-12-16 10:21:06.609294000,37266.609293828,5,4,5761800,-1
2019-12-16 10:21:06.609294000,37266.609293828,5,2,5761900,-1
2019-12-16 10:21:06.609294000,37266.609293828,5,2,5762000,-1
2019-12-16 10:21:06.609294000,37266.609293828,5,3,5762100,-1
2019-12-16 10:21:06.609294000,37266.609293828,4,1,5762200,-1
2019-12-16 10:21:06.609294000,37266.609293828,5,3,5762200,-1
2019-12-16 10:21:06.623789000,37266.62378871,5,4,5762600,-1
2019-12-16 10:21:06.623789000,37266.62378871,5,3,5762700,-1
2019-12-16 10:21:06.626301000,37266.62630055,5,1,5762700,-1
2019-12-16 10:21:06.626301000,37266.62630055,4,7,5763400,-1
2019-12-16 10:21:06.626301000,37266.62630055,5,78,5763500,-1
2019-12-16 10:21:06.688142000,37266.688141868995,4,18,5763700,-1
2019-12-16 10:21:07.310927000,37267.310926546,4,18,5762400,1
2019-12-16 10:21:24.604882000,37284.604882112,4,10,5764000,-1
2019-12-16 10:21:30.957696000,37290.957695863995,5,40,5761800,1
2019-12-16 10:21:54.065341000,37314.065341208996,5,60,5761800,1
2019-12-16 10:21:54.952252000,37314.952252095,4,1,5761100,1
2019-12-16 10:22:09.739125000,37329.739125021,5,40,5761900,-1
2019-12-16 10:22:09.739125000,37329.739125021,5,75,5762200,-1
2019-12-16 10:22:09.739125000,37329.739125021,4,15,5762700,-1
2019-12-16 10:22:10.278630000,37330.278629536,4,1,5761000,1
2019-12-16 10:22:28.671173000,37348.671172784,5,100,5759600,1
2019-12-16 10:22:28.671173000,37348.671172784,4,100,5759500,1
2019-12-16 10:22:28.671542000,37348.67154216,4,100,5759500,1
2019-12-16 10:22:28.672929000,37348.672929172004,4,100,5759400,1
2019-12-16 10:22:28.684194000,37348.684194287,5,3,5759400,1
2019-12-16 10:22:28.718456000,37348.718456461,4,100,5759500,1
2019-12-16 10:22:28.718456000,37348.718456461,5,100,5759500,1
2019-12-16 10:22:28.718456000,37348.718456461,5,2,5759100,1
2019-12-16 10:22:29.417430000,37349.417430451,4,100,5758700,1
2019-12-16 10:22:39.474011000,37359.47401119,5,100,5759000,1
2019-12-16 10:22:43.880331000,37363.880331157,5,50,5759000,-1
2019-12-16 10:22:43.880331000,37363.880331157,4,50,5759200,-1
2019-12-16 10:22:52.010577000,37372.01057656,5,98,5759100,-1
2019-12-16 10:22:52.010577000,37372.01057656,4,50,5759200,-1
2019-12-16 10:23:03.987148000,37383.987147572996,5,5,5757700,1
2019-12-16 10:23:03.987148000,37383.987147572996,4,95,5757500,1
2019-12-16 10:23:03.987289000,37383.98728947,4,5,5757500,1
2019-12-16 10:23:03.988864000,37383.988863662,5,3,5757400,1
2019-12-16 10:23:03.988864000,37383.988863662,4,8,5757300,1
2019-12-16 10:23:03.991819000,37383.991819366,4,100,5757500,1
2019-12-16 10:23:05.150506000,37385.150505908,4,6,5757400,1
2019-12-16 10:23:05.276405000,37385.276404692995,4,300,5757400,1
2019-12-16 10:23:05.276563000,37385.276562607,4,194,5757400,1
2019-12-16 10:23:05.277373000,37385.277372897,4,5,5757300,1
2019-12-16 10:23:05.277397000,37385.277396907004,4,87,5757300,1
2019-12-16 10:23:05.277397000,37385.277396907004,5,2,5757300,1
2019-12-16 10:23:05.277773000,37385.277773394,5,2,5757200,1
2019-12-16 10:23:05.278720000,37385.278720452,5,2,5757100,1
2019-12-16 10:23:05.278720000,37385.278720452,4,100,5756800,1
2019-12-16 10:23:05.278720000,37385.278720452,4,98,5756800,1
2019-12-16 10:23:05.278774000,37385.278774012004,4,2,5756800,1
2019-12-16 10:23:05.278774000,37385.278774012004,5,4,5756800,1
2019-12-16 10:23:05.278774000,37385.278774012004,5,3,5756700,1
2019-12-16 10:23:05.284479000,37385.284478652,5,4,5756600,1
2019-12-16 10:23:05.284479000,37385.284478652,5,2,5756500,1
2019-12-16 10:23:05.284479000,37385.284478652,5,2,5756300,1
2019-12-16 10:23:05.284479000,37385.284478652,4,6,5756000,1
2019-12-16 10:23:05.284479000,37385.284478652,4,9,5756000,1
2019-12-16 10:23:05.290551000,37385.290550753,4,91,5756000,1
2019-12-16 10:23:05.290551000,37385.290550753,5,3,5756000,1
2019-12-16 10:23:05.467514000,37385.467514057,4,100,5755700,1
2019-12-16 10:23:23.616588000,37403.616587936,4,100,5757300,-1
2019-12-16 10:23:23.616693000,37403.616693218,4,100,5757300,-1
2019-12-16 10:23:27.539490000,37407.53948967,4,100,5757200,-1
2019-12-16 10:23:38.955439000,37418.955438833,4,100,5758300,-1
2019-12-16 10:23:39.254912000,37419.254912241,4,12,5758800,-1
2019-12-16 10:23:39.254912000,37419.254912241,5,1,5758900,-1
2019-12-16 10:23:39.254950999,37419.254950689,5,2,5758900,-1
2019-12-16 10:23:39.502260000,37419.502260448,4,1,5759500,-1
2019-12-16 10:23:40.993445000,37420.993445181004,4,98,5759000,1
2019-12-16 10:23:40.999621000,37420.999621222,4,2,5759000,1
2019-12-16 10:23:40.999621000,37420.999621222,4,100,5758900,1
2019-12-16 10:23:41.011753000,37421.011753342005,4,89,5758800,-1
2019-12-16 10:23:41.011851000,37421.011850614,4,9,5758800,-1
2019-12-16 10:23:44.603982000,37424.603982358,4,100,5758300,-1
2019-12-16 10:23:45.659728000,37425.659728185,4,15,5760200,-1
2019-12-16 10:24:04.462246000,37444.462245685,4,67,5758400,-1
2019-12-16 10:24:07.705223000,37447.705223367004,5,100,5759500,-1
2019-12-16 10:24:08.476805000,37448.476805469,5,100,5759500,-1
2019-12-16 10:24:08.492912000,37448.492911631,4,90,5760100,-1
2019-12-16 10:24:08.492963000,37448.492962551,4,10,5760100,-1
2019-12-16 10:24:08.494088000,37448.494088236,5,100,5759500,-1
2019-12-16 10:24:08.495098000,37448.495097657,4,1,5760800,-1
2019-12-16 10:24:09.481325000,37449.481325442,5,100,5760700,-1
2019-12-16 10:24:11.210200000,37451.210200084,5,100,5759000,1
2019-12-16 10:24:11.210275000,37451.210275146004,4,100,5758900,-1
2019-12-16 10:24:17.873399000,37457.873398572,5,100,5759500,-1
2019-12-16 10:24:18.827772000,37458.827771674,4,91,5759700,-1
2019-12-16 10:24:18.827845000,37458.827844644,4,9,5759700,-1
2019-12-16 10:24:21.941349000,37461.941348937995,4,33,5761200,-1
2019-12-16 10:24:21.941509000,37461.941509085,5,100,5759950,-1
2019-12-16 10:24:21.941532000,37461.941532118,4,67,5761200,-1
2019-12-16 10:24:30.057524000,37470.057523557,5,100,5760750,-1
2019-12-16 10:24:36.376628000,37476.376627579,5,732,5760600,-1
2019-12-16 10:24:36.376628000,37476.376627579,4,68,5762500,-1
2019-12-16 10:25:11.709109000,37511.709108854,5,100,5761200,1
2019-12-16 10:25:11.829855000,37511.829854908996,5,93,5761200,1
2019-12-16 10:25:13.141509000,37513.141508501,5,100,5761400,-1
2019-12-16 10:25:13.143373000,37513.143372572995,4,100,5761500,-1
2019-12-16 10:25:13.143375000,37513.143375294,4,100,5761600,-1
2019-12-16 10:25:13.143375000,37513.143375294,5,4,5761600,-1
2019-12-16 10:25:13.143932000,37513.143931816,4,100,5762700,-1
2019-12-16 10:25:18.436345000,37518.436345097005,4,1,5763200,-1
2019-12-16 10:25:28.593369000,37528.593369194,5,100,5761700,1
2019-12-16 10:25:28.593381000,37528.593380576,5,2,5761600,1
2019-12-16 10:25:28.593381000,37528.593380576,4,98,5761500,1
2019-12-16 10:25:28.593509000,37528.593508867,4,2,5761500,1
2019-12-16 10:25:28.593509000,37528.593508867,5,98,5761500,1
2019-12-16 10:25:40.967339000,37540.967339482995,5,100,5759500,1
2019-12-16 10:25:42.331535000,37542.331534632,4,1,5758700,1
2019-12-16 10:25:42.458120000,37542.458120141004,4,1,5758400,1
2019-12-16 10:25:48.598077000,37548.598076504,5,100,5757500,1
2019-12-16 10:25:48.598077000,37548.598076504,4,100,5757200,1
2019-12-16 10:25:48.598291000,37548.598290873,4,77,5757200,1
2019-12-16 10:25:48.603485000,37548.603485414,4,23,5757200,1
2019-12-16 10:25:54.244186000,37554.244186451004,4,100,5755100,1
2019-12-16 10:25:54.268466000,37554.268465575,4,100,5755100,1
2019-12-16 10:25:54.300078000,37554.30007786,5,100,5753200,1
2019-12-16 10:26:01.674982000,37561.674981651,5,20,5755100,-1
2019-12-16 10:26:01.674982000,37561.674981651,5,80,5755300,-1
2019-12-16 10:26:01.674990000,37561.674990019,5,200,5755300,-1
2019-12-16 10:26:01.674992000,37561.674992028,5,20,5755300,-1
2019-12-16 10:26:01.674992000,37561.674992028,4,100,5755400,-1
2019-12-16 10:26:01.674992000,37561.674992028,4,80,5755400,-1
2019-12-16 10:26:01.675017000,37561.675017324,4,20,5755400,-1
2019-12-16 10:26:01.675041000,37561.675040513,4,100,5755600,-1
2019-12-16 10:26:34.216249000,37594.216249448,4,39,5758500,-1
2019-12-16 10:26:34.216441000,37594.216440994,4,61,5758500,-1
2019-12-16 10:26:53.526910000,37613.526909814,5,100,5759000,1
2019-12-16 10:26:55.557612000,37615.557611512,5,20,5759000,1
2019-12-16 10:26:55.557747000,37615.557746667,5,20,5759000,1
2019-12-16 10:27:00.510939999,37620.510939812004,4,34,5756700,1
2019-12-16 10:27:00.511901000,37620.511900935,5,60,5756500,1
2019-12-16 10:27:00.511901000,37620.511900935,4,40,5756200,1
2019-12-16 10:27:00.511973000,37620.511973339,4,60,5756200,1
2019-12-16 10:27:01.632941000,37621.632941431,4,100,5757200,-1
2019-12-16 10:27:01.633042000,37621.633042295,4,11,5757400,-1
2019-12-16 10:27:12.679310000,37632.679309517,5,45,5756900,1
2019-12-16 10:27:15.046312000,37635.046312194,4,58,5758000,-1
2019-12-16 10:27:15.046970000,37635.046969542,4,42,5758000,-1
2019-12-16 10:27:17.045648000,37637.045648466,4,100,5758000,-1
2019-12-16 10:27:17.045750000,37637.045750464,5,3,5758000,-1
2019-12-16 10:27:17.651102000,37637.651101912,4,100,5758800,-1
2019-12-16 10:27:17.651102000,37637.651101912,4,95,5758800,-1
2019-12-16 10:27:17.651207000,37637.651207494,4,5,5758800,-1
2019-12-16 10:27:32.072723000,37652.072722971,4,100,5759300,-1
2019-12-16 10:27:32.072723000,37652.072722971,4,10,5759300,-1
2019-12-16 10:27:34.344430000,37654.344430468,5,8,5760000,-1
2019-12-16 10:27:53.922878000,37673.922878164,4,200,5755700,1
2019-12-16 10:28:00.247359000,37680.247359133,5,64,5753800,1
2019-12-16 10:28:00.247359000,37680.247359133,4,36,5753600,1
2019-12-16 10:28:42.214709000,37722.214709018,4,78,5753400,1
2019-12-16 10:28:42.214709000,37722.214709018,4,72,5753400,1
2019-12-16 10:28:42.214792000,37722.21479229,4,6,5753400,1
2019-12-16 10:28:42.214792000,37722.21479229,4,59,5753400,1
2019-12-16 10:28:42.214792000,37722.21479229,4,78,5753400,1
2019-12-16 10:28:42.214792000,37722.21479229,4,87,5753400,1
2019-12-16 10:28:42.214792000,37722.21479229,4,94,5753400,1
2019-12-16 10:28:50.258368000,37730.258368204,4,10,5752900,-1
2019-12-16 10:28:52.111271000,37732.111270991,5,100,5752300,1
2019-12-16 10:28:52.302937000,37732.302936621,5,10,5752800,-1
2019-12-16 10:28:52.302937000,37732.302936621,5,90,5752800,-1
2019-12-16 10:28:52.486638000,37732.486637644,5,10,5752800,-1
2019-12-16 10:28:52.486638000,37732.486637644,5,90,5752800,-1
2019-12-16 10:28:52.563749000,37732.563749475,5,10,5752800,-1
2019-12-16 10:28:52.563749000,37732.563749475,4,48,5752900,-1
2019-12-16 10:28:53.147547000,37733.14754671,4,52,5752900,-1
2019-12-16 10:29:04.960002000,37744.960001666004,4,100,5753000,-1
2019-12-16 10:29:04.961287000,37744.961287131,4,40,5753200,-1
2019-12-16 10:29:04.962125000,37744.962125045,4,60,5753200,-1
2019-12-16 10:29:48.063173000,37788.063173327,4,100,5755200,-1
2019-12-16 10:29:48.065934000,37788.065934012004,4,100,5755400,-1
2019-12-16 10:29:48.075013000,37788.075013012996,4,100,5753900,-1
2019-12-16 10:29:48.075070000,37788.075070286,4,40,5753900,-1
2019-12-16 10:29:48.075107000,37788.075106542005,4,60,5753900,-1
2019-12-16 10:30:06.012694000,37806.012693872,4,1,5755300,1
2019-12-16 10:30:06.012783000,37806.012783212995,4,27,5755300,1
2019-12-16 10:31:01.229118000,37861.229117555,5,15,5754700,1
2019-12-16 10:31:01.914145000,37861.914144601,5,85,5754700,1
2019-12-16 10:31:01.914145000,37861.914144601,4,100,5753100,1
2019-12-16 10:31:01.914145000,37861.914144601,4,15,5753100,1
2019-12-16 10:31:01.914175000,37861.914174718,4,85,5753100,1
2019-12-16 10:31:07.296233000,37867.29623292,4,1,5753500,1
2019-12-16 10:31:12.824881000,37872.824880789,4,100,5753600,-1
2019-12-16 10:31:16.179147000,37876.17914691,5,33,5753400,-1
2019-12-16 10:31:20.771007000,37880.771007213996,5,5,5753400,-1
2019-12-16 10:31:20.771007000,37880.771007213996,4,95,5753600,-1
2019-12-16 10:31:20.771322000,37880.771321585,4,5,5753600,-1
2019-12-16 10:31:20.771335000,37880.771335082994,4,95,5753600,-1
2019-12-16 10:31:20.771463000,37880.771463462996,4,3,5753600,-1
2019-12-16 10:31:20.771779000,37880.77177863,4,2,5753600,-1
2019-12-16 10:31:20.771779000,37880.77177863,4,100,5753600,-1
2019-12-16 10:31:20.814405000,37880.814405398,4,85,5755100,-1
2019-12-16 10:31:20.814645000,37880.814644554,4,15,5755100,-1
2019-12-16 10:31:33.763405000,37893.763405254,4,100,5755000,-1
2019-12-16 10:31:36.402734000,37896.402734321004,4,20,5755500,-1
2019-12-16 10:31:36.920984000,37896.920984086,4,100,5754800,-1
2019-12-16 10:31:39.851489000,37899.851488932996,5,100,5756300,-1
2019-12-16 10:31:43.378980000,37903.378979535,5,80,5754200,-1
2019-12-16 10:31:43.378980000,37903.378979535,4,20,5754400,-1
2019-12-16 10:31:43.379368000,37903.379368488,4,10,5754400,-1
2019-12-16 10:31:49.903263000,37909.903262903,4,100,5754400,-1
2019-12-16 10:31:49.903629000,37909.903628563,4,100,5754600,-1
2019-12-16 10:32:04.112017000,37924.11201675,4,100,5756100,1
2019-12-16 10:32:07.912441000,37927.912441451,4,100,5756800,-1
2019-12-16 10:32:08.984724000,37928.984724375,4,100,5758300,-1
2019-12-16 10:32:08.992760000,37928.992759904,4,94,5758500,-1
2019-12-16 10:32:08.997660000,37928.99766026,4,6,5758500,-1
2019-12-16 10:32:09.005812000,37929.005811592004,4,19,5758600,-1
2019-12-16 10:32:09.007946999,37929.007946876,4,81,5758600,-1
2019-12-16 10:32:09.007946999,37929.007946876,4,19,5758600,-1
2019-12-16 10:32:12.927411000,37932.927410987,4,81,5758600,-1
2019-12-16 10:32:12.927411000,37932.927410987,4,19,5758600,-1
2019-12-16 10:32:12.927489000,37932.9274894,4,81,5758600,-1
2019-12-16 10:32:14.658809000,37934.658808738,5,99,5758700,1
2019-12-16 10:32:15.125700000,37935.125699946,4,100,5759900,-1
2019-12-16 10:32:16.612802000,37936.612801629,4,100,5759900,1
2019-12-16 10:32:19.100689000,37939.100689421,4,100,5757900,-1
2019-12-16 10:32:42.400797000,37962.400797383,4,10,5755300,1
2019-12-16 10:33:08.699780000,37988.699780443,4,1,5756400,1
2019-12-16 10:33:30.044952000,38010.044951792996,4,100,5754900,1
