,time,type,size,price,direction
2019-12-06 09:30:00,34200.936079727995,1.0,30.0,11173000.0,-1.0
2019-12-06 09:30:01,34201.999457037,1.0,25.0,11172500.0,-1.0
2019-12-06 09:30:02,34202.989342876004,3.0,100.0,11123100.0,1.0
2019-12-06 09:30:03,34203.999516062,1.0,25.0,11151900.0,-1.0
2019-12-06 09:30:04,34204.826628047995,1.0,100.0,11150500.0,-1.0
2019-12-06 09:30:05,34205.741334514,3.0,20.0,11154000.0,-1.0
2019-12-06 09:30:06,34206.982902454,3.0,30.0,11154000.0,-1.0
2019-12-06 09:30:07,34207.744555704,1.0,40.0,11115400.0,1.0
2019-12-06 09:30:08,34208.961999679,1.0,30.0,11147200.0,-1.0
2019-12-06 09:30:09,34209.375427372004,3.0,35.0,11152100.0,-1.0
2019-12-06 09:30:10,34210.994506614,5.0,100.0,11126600.0,1.0
2019-12-06 09:30:11,34211.998634618,1.0,1.0,11121200.0,1.0
2019-12-06 09:30:12,34212.951889766,1.0,40.0,11111900.0,1.0
2019-12-06 09:30:13,34213.553407879,1.0,23.0,11111900.0,1.0
2019-12-06 09:30:14,34214.993491524,1.0,1.0,11121200.0,1.0
2019-12-06 09:30:15,34215.996812671,3.0,25.0,11144500.0,-1.0
2019-12-06 09:30:16,34216.156490233,3.0,48.0,11149100.0,-1.0
2019-12-06 09:30:17,34217.769027731,1.0,25.0,11144100.0,-1.0
2019-12-06 09:30:18,34218.724335921004,1.0,25.0,11143900.0,-1.0
2019-12-06 09:30:19,34219.961831345,1.0,31.0,11111800.0,1.0
2019-12-06 09:30:20,34220.99088526,3.0,9.0,11181500.0,-1.0
2019-12-06 09:30:21,34221.664058042996,1.0,25.0,11111800.0,1.0
2019-12-06 09:30:22,34222.965790229,1.0,29.0,11110400.0,1.0
2019-12-06 09:30:23,34223.924508611,1.0,1.0,11126400.0,1.0
2019-12-06 09:30:24,34224.964063691004,3.0,100.0,11129500.0,1.0
2019-12-06 09:30:25,34225.969772257005,1.0,24.0,11112000.0,1.0
2019-12-06 09:30:26,34226.970652247,3.0,47.0,11142800.0,-1.0
2019-12-06 09:30:27,34227.88220987,1.0,25.0,11141800.0,-1.0
2019-12-06 09:30:28,34228.38348012,1.0,25.0,11141300.0,-1.0
2019-12-06 09:30:29,34229.674128032,3.0,38.0,11142800.0,-1.0
2019-12-06 09:30:30,34230.626365069,3.0,10.0,11121000.0,1.0
2019-12-06 09:30:31,34231.977638101,1.0,31.0,11141200.0,-1.0
2019-12-06 09:30:32,34232.4778903,3.0,31.0,11141200.0,-1.0
2019-12-06 09:30:33,,,,,
2019-12-06 09:30:34,34234.914267849,1.0,30.0,11143200.0,-1.0
2019-12-06 09:30:35,34235.782536105,1.0,100.0,11147300.0,-1.0
2019-12-06 09:30:36,34236.383215228,3.0,32.0,11142800.0,-1.0
2019-12-06 09:30:37,34237.985632214,1.0,51.0,11140000.0,-1.0
2019-12-06 09:30:38,34238.485903686,3.0,64.0,11142800.0,-1.0
2019-12-06 09:30:39,34239.656841922,5.0,87.0,11130600.0,1.0
2019-12-06 09:30:40,,,,,
2019-12-06 09:30:41,34241.990964947996,1.0,47.0,11139400.0,-1.0
2019-12-06 09:30:42,34242.926525603,1.0,29.0,11145300.0,-1.0
2019-12-06 09:30:43,34243.832000352995,1.0,100.0,11138500.0,-1.0
2019-12-06 09:30:44,34244.994181416,1.0,25.0,11135300.0,-1.0
2019-12-06 09:30:45,34245.777694811004,1.0,30.0,11143100.0,-1.0
2019-12-06 09:30:46,,,,,
2019-12-06 09:30:47,,,,,
2019-12-06 09:30:48,,,,,
2019-12-06 09:30:49,34249.80118568,1.0,70.0,11138600.0,-1.0
2019-12-06 09:30:50,34250.902613836,1.0,35.0,11139700.0,-1.0
2019-12-06 09:30:51,34251.90388887,1.0,27.0,11112400.0,1.0
2019-12-06 09:30:52,34252.90516131,1.0,20.0,11112300.0,1.0
2019-12-06 09:30:53,34253.707084535,1.0,38.0,11120900.0,1.0
2019-12-06 09:30:54,34254.307859541004,1.0,20.0,11121000.0,1.0
2019-12-06 09:30:55,,,,,
2019-12-06 09:30:56,34256.987608755,1.0,100.0,11138500.0,-1.0
2019-12-06 09:30:57,34257.976181273996,3.0,88.0,11135500.0,-1.0
2019-12-06 09:30:58,34258.613431347,1.0,20.0,11140800.0,-1.0
2019-12-06 09:30:59,34259.997619986,5.0,9.0,11131200.0,1.0
2019-12-06 09:31:00,34260.916768462004,1.0,48.0,11121400.0,1.0
2019-12-06 09:31:01,34261.818114935,3.0,100.0,11129300.0,1.0
2019-12-06 09:31:02,34262.425240041004,1.0,100.0,11143900.0,-1.0
2019-12-06 09:31:03,34263.967686674,1.0,34.0,11123000.0,1.0
2019-12-06 09:31:04,34264.471714489,3.0,99.0,11124300.0,1.0
2019-12-06 09:31:05,34265.923994157994,1.0,65.0,11149200.0,-1.0
2019-12-06 09:31:06,34266.859827324,1.0,14.0,11166700.0,-1.0
2019-12-06 09:31:07,34267.974048381,3.0,100.0,11129800.0,1.0
2019-12-06 09:31:08,34268.928036096004,1.0,44.0,11146600.0,-1.0
2019-12-06 09:31:09,34269.729226787,1.0,25.0,11147100.0,-1.0
2019-12-06 09:31:10,34270.722698898,3.0,3.0,11143900.0,-1.0
2019-12-06 09:31:11,34271.631599772,1.0,20.0,11121800.0,1.0
2019-12-06 09:31:12,34272.990092037006,1.0,1.0,11120000.0,1.0
2019-12-06 09:31:13,34273.983539358,1.0,33.0,11146800.0,-1.0
2019-12-06 09:31:14,34274.449422712,1.0,100.0,11134500.0,-1.0
2019-12-06 09:31:15,,,,,
2019-12-06 09:31:16,34276.923728002,1.0,25.0,11135200.0,-1.0
2019-12-06 09:31:17,34277.840276079,1.0,25.0,11137900.0,-1.0
2019-12-06 09:31:18,34278.826905743,1.0,100.0,11129400.0,-1.0
2019-12-06 09:31:19,34279.908146138,3.0,50.0,11124600.0,1.0
2019-12-06 09:31:20,,,,,
2019-12-06 09:31:21,34281.854223336,1.0,25.0,11135000.0,-1.0
2019-12-06 09:31:22,34282.782232516,1.0,25.0,11134800.0,-1.0
2019-12-06 09:31:23,34283.999418938,1.0,33.0,11107900.0,1.0
2019-12-06 09:31:24,34284.849582017,1.0,35.0,11133000.0,-1.0
2019-12-06 09:31:25,34285.959365288996,1.0,25.0,11129600.0,-1.0
2019-12-06 09:31:26,34286.852236413,1.0,24.0,11131400.0,-1.0
2019-12-06 09:31:27,34287.968354816,1.0,25.0,11122500.0,-1.0
2019-12-06 09:31:28,34288.955193371,1.0,52.0,11127600.0,-1.0
2019-12-06 09:31:29,34289.856386724,1.0,22.0,11127600.0,-1.0
2019-12-06 09:31:30,34290.357069276004,1.0,21.0,11127400.0,-1.0
2019-12-06 09:31:31,34291.959196856,1.0,20.0,11125900.0,-1.0
2019-12-06 09:31:32,34292.82928316,1.0,35.0,11132600.0,-1.0
2019-12-06 09:31:33,34293.30333075,3.0,2.0,11120000.0,-1.0
2019-12-06 09:31:34,34294.746812633,1.0,100.0,11126300.0,-1.0
2019-12-06 09:31:35,34295.892840281,1.0,25.0,11125000.0,-1.0
2019-12-06 09:31:36,34296.191332635,1.0,1.0,11128400.0,-1.0
2019-12-06 09:31:37,34297.959633026,1.0,1.0,11116000.0,1.0
2019-12-06 09:31:38,,,,,
2019-12-06 09:31:39,,,,,
2019-12-06 09:31:40,,,,,
2019-12-06 09:31:41,34301.927059576,1.0,80.0,11110400.0,1.0
2019-12-06 09:31:42,,,,,
2019-12-06 09:31:43,34303.316686078,1.0,26.0,11135400.0,-1.0
2019-12-06 09:31:44,34304.844085787,3.0,15.0,11119000.0,-1.0
2019-12-06 09:31:45,34305.659825687,1.0,25.0,11120200.0,-1.0
2019-12-06 09:31:46,34306.985478468996,1.0,2.0,11113800.0,-1.0
2019-12-06 09:31:47,34307.980798201,3.0,32.0,11115400.0,-1.0
2019-12-06 09:31:48,34308.881972375,3.0,21.0,11113500.0,-1.0
2019-12-06 09:31:49,34309.783543229,1.0,23.0,11093800.0,1.0
2019-12-06 09:31:50,,,,,
2019-12-06 09:31:51,34311.826784687,1.0,100.0,11112100.0,-1.0
2019-12-06 09:31:52,34312.490939514,1.0,100.0,11112100.0,-1.0
2019-12-06 09:31:53,34313.245751612005,1.0,100.0,11112100.0,-1.0
2019-12-06 09:31:54,34314.989979405,3.0,26.0,11091500.0,1.0
2019-12-06 09:31:55,34315.808605551,1.0,100.0,11125400.0,-1.0
2019-12-06 09:31:56,34316.350665186,1.0,30.0,11116400.0,-1.0
2019-12-06 09:31:57,34317.074710635,3.0,15.0,11112600.0,-1.0
2019-12-06 09:31:58,34318.732289131,3.0,26.0,11124900.0,-1.0
2019-12-06 09:31:59,,,,,
2019-12-06 09:32:00,34320.940000867005,3.0,200.0,11112100.0,-1.0
2019-12-06 09:32:01,34321.604431349,1.0,23.0,11123300.0,-1.0
2019-12-06 09:32:02,34322.119973125,3.0,30.0,11116400.0,-1.0
2019-12-06 09:32:03,34323.994251617994,1.0,27.0,11118200.0,-1.0
2019-12-06 09:32:04,34324.905848283,1.0,100.0,11113000.0,-1.0
2019-12-06 09:32:05,34325.804861509,1.0,38.0,11125700.0,-1.0
2019-12-06 09:32:06,34326.806195211,1.0,59.0,11126100.0,-1.0
2019-12-06 09:32:07,34327.735726655,1.0,100.0,11124800.0,-1.0
2019-12-06 09:32:08,34328.420616259,1.0,88.0,11126000.0,-1.0
2019-12-06 09:32:09,34329.91967137,1.0,25.0,11114900.0,-1.0
2019-12-06 09:32:10,34330.862052299,1.0,100.0,11114500.0,-1.0
2019-12-06 09:32:11,34331.99868831,1.0,100.0,11107300.0,-1.0
2019-12-06 09:32:12,34332.726010013,1.0,25.0,11112200.0,-1.0
2019-12-06 09:32:13,34333.978832317,1.0,25.0,11109300.0,-1.0
2019-12-06 09:32:14,34334.960356142,1.0,33.0,11105200.0,-1.0
2019-12-06 09:32:15,34335.956769531,1.0,10.0,11091900.0,1.0
2019-12-06 09:32:16,34336.246067281,1.0,33.0,11104400.0,-1.0
2019-12-06 09:32:17,34337.728599826,1.0,31.0,11110800.0,-1.0
2019-12-06 09:32:18,34338.923081742,1.0,52.0,11106900.0,-1.0
2019-12-06 09:32:19,34339.864999084,1.0,1.0,11103700.0,-1.0
2019-12-06 09:32:20,34340.837306451,3.0,29.0,11080600.0,1.0
2019-12-06 09:32:21,34341.878760757005,1.0,25.0,11104100.0,-1.0
2019-12-06 09:32:22,34342.981325559,1.0,88.0,11086200.0,-1.0
2019-12-06 09:32:23,34343.702043865,1.0,79.0,11071500.0,1.0
2019-12-06 09:32:24,34344.84767541,3.0,73.0,11071400.0,1.0
2019-12-06 09:32:25,34345.929960017995,1.0,100.0,11093700.0,-1.0
2019-12-06 09:32:26,34346.804010255,1.0,100.0,11094000.0,-1.0
2019-12-06 09:32:27,34347.135909612,1.0,10.0,11073400.0,1.0
2019-12-06 09:32:28,34348.897721256,1.0,100.0,11092700.0,-1.0
2019-12-06 09:32:29,34349.502895327,1.0,33.0,11090600.0,-1.0
2019-12-06 09:32:30,34350.904548558,1.0,10.0,11073100.0,1.0
2019-12-06 09:32:31,34351.981963241,1.0,100.0,11093600.0,-1.0
2019-12-06 09:32:32,34352.778461297996,1.0,100.0,11092700.0,-1.0
2019-12-06 09:32:33,34353.918287838,1.0,88.0,11089500.0,-1.0
2019-12-06 09:32:34,34354.777629292,1.0,100.0,11091900.0,-1.0
2019-12-06 09:32:35,34355.545915061004,1.0,33.0,11090700.0,-1.0
2019-12-06 09:32:36,34356.929310759,3.0,10.0,11072400.0,1.0
2019-12-06 09:32:37,34357.955875987995,1.0,25.0,11087600.0,-1.0
2019-12-06 09:32:38,34358.950220317005,1.0,56.0,11090100.0,-1.0
2019-12-06 09:32:39,34359.951553358,1.0,55.0,11065900.0,1.0
2019-12-06 09:32:40,34360.952872402995,1.0,21.0,11091000.0,-1.0
2019-12-06 09:32:41,34361.953889865,1.0,200.0,11086600.0,-1.0
2019-12-06 09:32:42,34362.996758361,1.0,200.0,11068300.0,1.0
2019-12-06 09:32:43,34363.95692595,1.0,22.0,11063800.0,1.0
2019-12-06 09:32:44,34364.872267348,1.0,100.0,11093600.0,-1.0
2019-12-06 09:32:45,34365.977090605,1.0,200.0,11069700.0,1.0
2019-12-06 09:32:46,34366.868314419,1.0,28.0,11098400.0,-1.0
2019-12-06 09:32:47,34367.960903928,1.0,25.0,11092600.0,-1.0
2019-12-06 09:32:48,34368.958451275,1.0,25.0,11092600.0,-1.0
2019-12-06 09:32:49,34369.937568771,1.0,100.0,11086800.0,-1.0
2019-12-06 09:32:50,34370.883446156,3.0,100.0,11068300.0,1.0
2019-12-06 09:32:51,34371.71163959,1.0,100.0,11095400.0,-1.0
2019-12-06 09:32:52,34372.764370553,1.0,25.0,11092600.0,-1.0
2019-12-06 09:32:53,34373.964255111,1.0,100.0,11099600.0,-1.0
2019-12-06 09:32:54,34374.999103464,1.0,100.0,11109400.0,-1.0
2019-12-06 09:32:55,34375.786686919,1.0,100.0,11099000.0,-1.0
2019-12-06 09:32:56,,,,,
2019-12-06 09:32:57,34377.976373913996,1.0,23.0,11072400.0,1.0
2019-12-06 09:32:58,34378.618984595,1.0,100.0,11065500.0,1.0
2019-12-06 09:32:59,34379.675707015,1.0,3.0,11098900.0,-1.0
2019-12-06 09:33:00,34380.980473115,1.0,22.0,11072600.0,1.0
2019-12-06 09:33:01,34381.398465068,1.0,100.0,11097600.0,-1.0
2019-12-06 09:33:02,34382.987796314,1.0,100.0,11097400.0,-1.0
2019-12-06 09:33:03,34383.865398446,1.0,66.0,11076400.0,1.0
2019-12-06 09:33:04,34384.999859236,1.0,100.0,11078200.0,1.0
2019-12-06 09:33:05,34385.88725461,1.0,21.0,11107700.0,-1.0
2019-12-06 09:33:06,34386.788046836,3.0,24.0,11107700.0,-1.0
2019-12-06 09:33:07,34387.776002658,1.0,3.0,11098900.0,-1.0
2019-12-06 09:33:08,34388.646353007,1.0,100.0,11067600.0,1.0
2019-12-06 09:33:09,34389.892744412995,1.0,25.0,11107900.0,-1.0
2019-12-06 09:33:10,34390.882463377005,1.0,1.0,11086800.0,1.0
2019-12-06 09:33:11,34391.576833544,1.0,100.0,11069100.0,1.0
2019-12-06 09:33:12,34392.696561027995,1.0,20.0,11107500.0,-1.0
2019-12-06 09:33:13,34393.998844924,1.0,59.0,11109100.0,-1.0
2019-12-06 09:33:14,34394.900023092996,1.0,26.0,11109100.0,-1.0
2019-12-06 09:33:15,34395.892833442005,1.0,100.0,11073500.0,1.0
2019-12-06 09:33:16,34396.355291002,1.0,100.0,11074600.0,1.0
2019-12-06 09:33:17,34397.406649949,1.0,25.0,11107700.0,-1.0
2019-12-06 09:33:18,34398.689795975,1.0,100.0,11084800.0,1.0
2019-12-06 09:33:19,,,,,
2019-12-06 09:33:20,34400.40730908,1.0,27.0,11109600.0,-1.0
2019-12-06 09:33:21,34401.909349131,1.0,58.0,11077200.0,1.0
2019-12-06 09:33:22,34402.914356195,1.0,29.0,11074300.0,1.0
2019-12-06 09:33:23,34403.663197723996,1.0,25.0,11099000.0,-1.0
2019-12-06 09:33:24,34404.646130886,5.0,100.0,11089500.0,1.0
2019-12-06 09:33:25,34405.283271017004,1.0,22.0,11074300.0,1.0
2019-12-06 09:33:26,34406.606928382,1.0,100.0,11075000.0,1.0
2019-12-06 09:33:27,34407.84770451,3.0,10.0,11098800.0,-1.0
2019-12-06 09:33:28,34408.920632918,1.0,10.0,11098800.0,-1.0
2019-12-06 09:33:29,34409.902330789,1.0,3.0,11098900.0,-1.0
2019-12-06 09:33:30,34410.744866798996,1.0,25.0,11105200.0,-1.0
2019-12-06 09:33:31,34411.91830161,1.0,2.0,11100100.0,-1.0
2019-12-06 09:33:32,34412.923956187995,1.0,37.0,11108300.0,-1.0
2019-12-06 09:33:33,34413.171073252,1.0,25.0,11108100.0,-1.0
2019-12-06 09:33:34,34414.934864578,1.0,25.0,11105700.0,-1.0
2019-12-06 09:33:35,34415.948736217004,1.0,26.0,11080700.0,1.0
2019-12-06 09:33:36,34416.930296672996,1.0,27.0,11084800.0,1.0
2019-12-06 09:33:37,34417.631298111,1.0,31.0,11086100.0,1.0
2019-12-06 09:33:38,34418.832867615,1.0,28.0,11109600.0,-1.0
2019-12-06 09:33:39,34419.625558816,1.0,25.0,11107700.0,-1.0
2019-12-06 09:33:40,34420.835599077,1.0,21.0,11085500.0,1.0
2019-12-06 09:33:41,34421.871973471,1.0,50.0,11100000.0,-1.0
2019-12-06 09:33:42,34422.53785668,1.0,23.0,11109500.0,-1.0
2019-12-06 09:33:43,34423.948616935,3.0,25.0,11107600.0,-1.0
2019-12-06 09:33:44,34424.740890921,1.0,22.0,11086000.0,1.0
2019-12-06 09:33:45,34425.542046546,1.0,21.0,11086200.0,1.0
2019-12-06 09:33:46,34426.552606377,1.0,25.0,11107700.0,-1.0
2019-12-06 09:33:47,34427.972974275,1.0,3.0,11115000.0,-1.0
2019-12-06 09:33:48,34428.884775407,3.0,3.0,11115000.0,-1.0
2019-12-06 09:33:49,34429.482172021,1.0,3.0,11115000.0,-1.0
2019-12-06 09:33:50,34430.88490831,1.0,58.0,11090300.0,1.0
2019-12-06 09:33:51,34431.450714707,3.0,4.0,11090400.0,1.0
2019-12-06 09:33:52,34432.251162297005,1.0,33.0,11086700.0,1.0
2019-12-06 09:33:53,34433.870422022,1.0,1.0,11090500.0,1.0
2019-12-06 09:33:54,34434.998727594,1.0,3.0,11115000.0,-1.0
2019-12-06 09:33:55,34435.755560655,3.0,27.0,11090200.0,1.0
2019-12-06 09:33:56,34436.557035716,1.0,22.0,11090200.0,1.0
2019-12-06 09:33:57,34437.457831827,3.0,21.0,11090200.0,1.0
2019-12-06 09:33:58,34438.768996362,3.0,1.0,11090300.0,1.0
2019-12-06 09:33:59,34439.823914044,1.0,20.0,11109400.0,-1.0
2019-12-06 09:34:00,34440.93692304,1.0,25.0,11115700.0,-1.0
2019-12-06 09:34:01,34441.06322293,1.0,21.0,11117600.0,-1.0
2019-12-06 09:34:02,34442.978455555,1.0,55.0,11092200.0,1.0
2019-12-06 09:34:03,34443.366420447004,1.0,21.0,11090000.0,1.0
2019-12-06 09:34:04,34444.761014286,1.0,1.0,11114000.0,-1.0
2019-12-06 09:34:05,34445.477634331,1.0,20.0,11108300.0,-1.0
2019-12-06 09:34:06,34446.912782735,3.0,64.0,11094200.0,1.0
2019-12-06 09:34:07,34447.973253307995,1.0,64.0,11090200.0,1.0
2019-12-06 09:34:08,34448.981622508,1.0,25.0,11116300.0,-1.0
2019-12-06 09:34:09,34449.979326263,3.0,1.0,11094500.0,1.0
2019-12-06 09:34:10,34450.977090652,1.0,30.0,11089600.0,1.0
2019-12-06 09:34:11,34451.639199181,1.0,5.0,11108300.0,-1.0
2019-12-06 09:34:12,34452.97995752,1.0,22.0,11089600.0,1.0
2019-12-06 09:34:13,34453.873242504,1.0,25.0,11113200.0,-1.0
2019-12-06 09:34:14,34454.983559807,1.0,21.0,11090100.0,1.0
2019-12-06 09:34:15,34455.784221859,3.0,29.0,11116700.0,-1.0
2019-12-06 09:34:16,34456.895461731,1.0,25.0,11115200.0,-1.0
2019-12-06 09:34:17,,,,,
2019-12-06 09:34:18,34458.929727753,3.0,1.0,11095100.0,1.0
2019-12-06 09:34:19,34459.833607087996,3.0,1.0,11095100.0,1.0
2019-12-06 09:34:20,34460.944736995,1.0,20.0,11104600.0,-1.0
2019-12-06 09:34:21,34461.804625683,1.0,10.0,11107400.0,-1.0
2019-12-06 09:34:22,34462.838789227004,3.0,2.0,11095100.0,1.0
2019-12-06 09:34:23,34463.684585138,1.0,20.0,11104800.0,-1.0
2019-12-06 09:34:24,34464.866976702004,1.0,10.0,11107900.0,-1.0
2019-12-06 09:34:25,34465.9910311,1.0,3.0,11095000.0,1.0
2019-12-06 09:34:26,34466.87895993,1.0,25.0,11108900.0,-1.0
2019-12-06 09:34:27,34467.982641468,1.0,1.0,11093500.0,1.0
2019-12-06 09:34:28,34468.602379642994,1.0,21.0,11110600.0,-1.0
2019-12-06 09:34:29,34469.931890942,1.0,25.0,11106200.0,-1.0
2019-12-06 09:34:30,34470.905564144,1.0,24.0,11108500.0,-1.0
2019-12-06 09:34:31,34471.906885833,1.0,21.0,11108700.0,-1.0
2019-12-06 09:34:32,34472.908234197996,1.0,37.0,11089800.0,1.0
2019-12-06 09:34:33,34473.610743897996,1.0,1.0,11093000.0,1.0
2019-12-06 09:34:34,34474.576943646,1.0,66.0,11093300.0,1.0
2019-12-06 09:34:35,34475.705979959,3.0,66.0,11093300.0,1.0
2019-12-06 09:34:36,34476.813718613,1.0,21.0,11078000.0,1.0
2019-12-06 09:34:37,34477.182461788,1.0,100.0,11097400.0,-1.0
2019-12-06 09:34:38,34478.741513718,1.0,100.0,11097500.0,-1.0
2019-12-06 09:34:39,34479.81504359,1.0,100.0,11090000.0,1.0
2019-12-06 09:34:40,34480.819115781,1.0,31.0,11106100.0,-1.0
2019-12-06 09:34:41,34481.920655577,1.0,64.0,11105700.0,-1.0
2019-12-06 09:34:42,34482.772200492,1.0,100.0,11097200.0,-1.0
2019-12-06 09:34:43,34483.999190482005,1.0,25.0,11100900.0,-1.0
2019-12-06 09:34:44,34484.968934231,1.0,66.0,11093300.0,1.0
2019-12-06 09:34:45,34485.926137138,1.0,24.0,11082400.0,1.0
2019-12-06 09:34:46,,,,,
2019-12-06 09:34:47,34487.828699646,1.0,29.0,11107300.0,-1.0
2019-12-06 09:34:48,34488.954288392,1.0,25.0,11105800.0,-1.0
2019-12-06 09:34:49,34489.793623973,1.0,25.0,11105700.0,-1.0
2019-12-06 09:34:50,34490.754999512,1.0,5.0,11089900.0,1.0
2019-12-06 09:34:51,34491.934457372,1.0,45.0,11107200.0,-1.0
2019-12-06 09:34:52,34492.635339775,1.0,26.0,11082500.0,1.0
2019-12-06 09:34:53,34493.896022982,5.0,100.0,11095400.0,1.0
2019-12-06 09:34:54,34494.839178611,1.0,48.0,11082600.0,1.0
2019-12-06 09:34:55,34495.995166537,4.0,1.0,11102000.0,1.0
2019-12-06 09:34:56,34496.942071453996,1.0,59.0,11089600.0,1.0
2019-12-06 09:34:57,34497.872598991,1.0,1.0,11116000.0,-1.0
2019-12-06 09:34:58,34498.954548305,3.0,5.0,11103200.0,1.0
2019-12-06 09:34:59,34499.955454716,1.0,27.0,11089900.0,1.0
2019-12-06 09:35:00,34500.926594653996,1.0,25.0,11112100.0,-1.0
2019-12-06 09:35:01,34501.366251907,1.0,25.0,11112800.0,-1.0
2019-12-06 09:35:02,34502.951056925,1.0,23.0,11097900.0,1.0
2019-12-06 09:35:03,34503.652128877,1.0,26.0,11098600.0,1.0
2019-12-06 09:35:04,,,,,
2019-12-06 09:35:05,34505.720405871,3.0,50.0,11106300.0,-1.0
2019-12-06 09:35:06,34506.456118421,1.0,23.0,11098400.0,1.0
2019-12-06 09:35:07,34507.972151300004,1.0,1.0,11123300.0,-1.0
2019-12-06 09:35:08,34508.684605185,1.0,1.0,11108800.0,1.0
2019-12-06 09:35:09,34509.859604151,1.0,100.0,11102200.0,1.0
2019-12-06 09:35:10,34510.977000093,1.0,2.0,11108800.0,1.0
2019-12-06 09:35:11,34511.734076873996,1.0,89.0,11118900.0,-1.0
2019-12-06 09:35:12,34512.696866615,1.0,2.0,11118900.0,-1.0
2019-12-06 09:35:13,34513.988542151004,1.0,100.0,11118900.0,-1.0
2019-12-06 09:35:14,34514.975802847,1.0,25.0,11126100.0,-1.0
2019-12-06 09:35:15,34515.629713207,1.0,100.0,11102700.0,1.0
2019-12-06 09:35:16,34516.580992925,1.0,25.0,11126000.0,-1.0
2019-12-06 09:35:17,,,,,
2019-12-06 09:35:18,,,,,
2019-12-06 09:35:19,34519.227234287995,1.0,100.0,11118900.0,-1.0
2019-12-06 09:35:20,,,,,
2019-12-06 09:35:21,34521.029871426,1.0,5.0,11101900.0,1.0
2019-12-06 09:35:22,,,,,
2019-12-06 09:35:23,34523.902381577995,1.0,35.0,11108900.0,1.0
2019-12-06 09:35:24,34524.987674647,1.0,100.0,11119500.0,-1.0
2019-12-06 09:35:25,34525.909929303,1.0,35.0,11109700.0,1.0
2019-12-06 09:35:26,34526.936909686,1.0,35.0,11111100.0,1.0
2019-12-06 09:35:27,34527.910482467,1.0,27.0,11105600.0,1.0
2019-12-06 09:35:28,34528.409113801004,1.0,35.0,11111400.0,1.0
2019-12-06 09:35:29,34529.833861784,5.0,1.0,11118800.0,1.0
2019-12-06 09:35:30,34530.901233825,1.0,29.0,11105100.0,1.0
2019-12-06 09:35:31,34531.8219802,3.0,100.0,11103800.0,1.0
2019-12-06 09:35:32,34532.980579708,1.0,5.0,11113000.0,1.0
2019-12-06 09:35:33,34533.813378039,1.0,1.0,11108400.0,1.0
2019-12-06 09:35:34,34534.714051258,1.0,2.0,11118900.0,-1.0
2019-12-06 09:35:35,34535.938281146,3.0,30.0,11109600.0,1.0
2019-12-06 09:35:36,34536.309275463,1.0,1.0,11125200.0,-1.0
2019-12-06 09:35:37,34537.934927826,1.0,100.0,11121400.0,-1.0
2019-12-06 09:35:38,34538.939609115,1.0,1.0,11114800.0,1.0
2019-12-06 09:35:39,34539.928858847,1.0,1.0,11114700.0,1.0
2019-12-06 09:35:40,34540.309951465,1.0,100.0,11114700.0,1.0
2019-12-06 09:35:41,34541.972549018996,1.0,15.0,11119700.0,-1.0
2019-12-06 09:35:42,34542.847305421004,1.0,100.0,11120000.0,-1.0
2019-12-06 09:35:43,34543.732870763,1.0,100.0,11121400.0,-1.0
2019-12-06 09:35:44,34544.903299353,1.0,1.0,11108100.0,1.0
2019-12-06 09:35:45,34545.931245214,1.0,100.0,11120000.0,-1.0
2019-12-06 09:35:46,34546.610629202005,1.0,100.0,11104900.0,1.0
2019-12-06 09:35:47,34547.997141454,3.0,25.0,11123900.0,-1.0
2019-12-06 09:35:48,34548.852622659,3.0,53.0,11106100.0,1.0
2019-12-06 09:35:49,34549.618532639,1.0,25.0,11107300.0,1.0
2019-12-06 09:35:50,34550.746646342,1.0,25.0,11124300.0,-1.0
2019-12-06 09:35:51,34551.861052048,1.0,1.0,11108300.0,1.0
2019-12-06 09:35:52,34552.110978046,1.0,52.0,11108000.0,1.0
2019-12-06 09:35:53,34553.851862803,1.0,52.0,11118800.0,-1.0
2019-12-06 09:35:54,34554.826067537004,1.0,25.0,11107200.0,1.0
2019-12-06 09:35:55,34555.827430604,1.0,20.0,11107200.0,1.0
2019-12-06 09:35:56,34556.172181919,1.0,21.0,11107600.0,1.0
2019-12-06 09:35:57,,,,,
2019-12-06 09:35:58,34558.998147775,1.0,23.0,11108300.0,1.0
2019-12-06 09:35:59,34559.933278285,1.0,22.0,11136300.0,-1.0
2019-12-06 09:36:00,34560.934810536004,1.0,58.0,11136200.0,-1.0
2019-12-06 09:36:01,34561.335376554,1.0,28.0,11138200.0,-1.0
2019-12-06 09:36:02,34562.83745208,1.0,31.0,11136200.0,-1.0
2019-12-06 09:36:03,34563.821377513,3.0,5.0,11126300.0,-1.0
2019-12-06 09:36:04,34564.996136055,1.0,25.0,11137500.0,-1.0
2019-12-06 09:36:05,34565.941808584,1.0,42.0,11114800.0,1.0
2019-12-06 09:36:06,34566.943209342004,1.0,77.0,11136200.0,-1.0
2019-12-06 09:36:07,34567.968600354,1.0,25.0,11101700.0,1.0
2019-12-06 09:36:08,34568.94602430001,1.0,56.0,11134300.0,-1.0
2019-12-06 09:36:09,34569.975660057,1.0,25.0,11128900.0,-1.0
2019-12-06 09:36:10,34570.948903057004,1.0,24.0,11134100.0,-1.0
2019-12-06 09:36:11,34571.550424561,1.0,100.0,11130100.0,-1.0
2019-12-06 09:36:12,34572.897544123996,1.0,100.0,11122600.0,-1.0
2019-12-06 09:36:13,34573.954078983996,1.0,62.0,11134200.0,-1.0
2019-12-06 09:36:14,34574.599627095,1.0,1.0,11127800.0,-1.0
2019-12-06 09:36:15,34575.990096397996,1.0,100.0,11121300.0,-1.0
2019-12-06 09:36:16,34576.958554452,1.0,47.0,11136500.0,-1.0
2019-12-06 09:36:17,34577.959960709,1.0,50.0,11114300.0,1.0
2019-12-06 09:36:18,34578.961458741,1.0,25.0,11113700.0,1.0
2019-12-06 09:36:19,34579.844565007996,1.0,1.0,11128900.0,-1.0
2019-12-06 09:36:20,34580.964194939,1.0,26.0,11135100.0,-1.0
2019-12-06 09:36:21,34581.905034971,1.0,52.0,11133900.0,-1.0
2019-12-06 09:36:22,34582.366132168,1.0,21.0,11113800.0,1.0
2019-12-06 09:36:23,34583.408602304,1.0,25.0,11130200.0,-1.0
2019-12-06 09:36:24,34584.997182702005,1.0,25.0,11132400.0,-1.0
2019-12-06 09:36:25,34585.871384115,1.0,43.0,11114400.0,1.0
2019-12-06 09:36:26,34586.872408755,3.0,43.0,11114400.0,1.0
2019-12-06 09:36:27,34587.713021839,1.0,2.0,11126000.0,-1.0
2019-12-06 09:36:28,34588.806705762,1.0,2.0,11125900.0,-1.0
2019-12-06 09:36:29,34589.977107005,1.0,28.0,11134400.0,-1.0
2019-12-06 09:36:30,34590.37765578,1.0,25.0,11134500.0,-1.0
2019-12-06 09:36:31,34591.76100653,3.0,15.0,11123700.0,-1.0
2019-12-06 09:36:32,34592.981126818,1.0,73.0,11134400.0,-1.0
2019-12-06 09:36:33,34593.982692462996,1.0,38.0,11132500.0,-1.0
2019-12-06 09:36:34,34594.991355622005,1.0,25.0,11133700.0,-1.0
2019-12-06 09:36:35,34595.885485563,1.0,60.0,11136100.0,-1.0
2019-12-06 09:36:36,34596.894452962,1.0,25.0,11133900.0,-1.0
2019-12-06 09:36:37,34597.999083116,1.0,50.0,11127800.0,1.0
2019-12-06 09:36:38,34598.723549171,1.0,100.0,11138000.0,-1.0
2019-12-06 09:36:39,34599.991276625,1.0,51.0,11114600.0,1.0
2019-12-06 09:36:40,34600.62345763,1.0,1.0,11115100.0,1.0
2019-12-06 09:36:41,34601.993963837005,1.0,33.0,11137400.0,-1.0
2019-12-06 09:36:42,34602.968647919,1.0,100.0,11136200.0,-1.0
2019-12-06 09:36:43,,,,,
2019-12-06 09:36:44,34604.797750517995,1.0,22.0,11137400.0,-1.0
2019-12-06 09:36:45,34605.871915188996,1.0,100.0,11137500.0,-1.0
2019-12-06 09:36:46,34606.800125375,3.0,20.0,11137300.0,-1.0
2019-12-06 09:36:47,34607.229419766,1.0,100.0,11136300.0,-1.0
2019-12-06 09:36:48,34608.402755259,1.0,23.0,11137200.0,-1.0
2019-12-06 09:36:49,,,,,
2019-12-06 09:36:50,34610.859245131,1.0,25.0,11134200.0,-1.0
2019-12-06 09:36:51,34611.907510962,1.0,73.0,11137100.0,-1.0
2019-12-06 09:36:52,34612.94222005,1.0,9.0,11125000.0,-1.0
2019-12-06 09:36:53,34613.895918324,1.0,100.0,11131700.0,-1.0
2019-12-06 09:36:54,34614.959859921,1.0,25.0,11136700.0,-1.0
2019-12-06 09:36:55,34615.521748504,1.0,1.0,11123800.0,1.0
2019-12-06 09:36:56,34616.711476734,1.0,100.0,11131800.0,-1.0
2019-12-06 09:36:57,,,,,
2019-12-06 09:36:58,34618.589711972,1.0,100.0,11112400.0,1.0
2019-12-06 09:36:59,34619.877836073996,1.0,1.0,11136000.0,-1.0
2019-12-06 09:37:00,34620.973300343,1.0,10.0,11123300.0,1.0
2019-12-06 09:37:01,34621.866730576,3.0,35.0,11141800.0,-1.0
2019-12-06 09:37:02,34622.476749329,1.0,1.0,11144900.0,-1.0
2019-12-06 09:37:03,34623.336790289,1.0,47.0,11123200.0,1.0
2019-12-06 09:37:04,34624.926341346,3.0,20.0,11121600.0,1.0
2019-12-06 09:37:05,34625.856575769,3.0,30.0,11146300.0,-1.0
2019-12-06 09:37:06,34626.999139929,1.0,24.0,11133000.0,1.0
2019-12-06 09:37:07,34627.945616134,1.0,100.0,11123700.0,1.0
2019-12-06 09:37:08,34628.982472473,1.0,100.0,11162500.0,-1.0
2019-12-06 09:37:09,34629.950362573996,1.0,100.0,11164000.0,-1.0
2019-12-06 09:37:10,34630.943556148,1.0,25.0,11162200.0,-1.0
2019-12-06 09:37:11,34631.782735391,1.0,100.0,11126200.0,1.0
2019-12-06 09:37:12,34632.954155477004,3.0,15.0,11147800.0,-1.0
2019-12-06 09:37:13,34633.663265425,1.0,1.0,11134000.0,1.0
2019-12-06 09:37:14,34634.968337292004,1.0,1.0,11142700.0,1.0
2019-12-06 09:37:15,34635.948903411,1.0,25.0,11163200.0,-1.0
2019-12-06 09:37:16,34636.757196297,1.0,100.0,11125100.0,1.0
2019-12-06 09:37:17,34637.970226857,1.0,25.0,11161600.0,-1.0
2019-12-06 09:37:18,34638.750197776004,1.0,100.0,11137500.0,1.0
2019-12-06 09:37:19,34639.954917885,1.0,25.0,11161900.0,-1.0
2019-12-06 09:37:20,34640.956696743,1.0,25.0,11166000.0,-1.0
2019-12-06 09:37:21,34641.957786638995,1.0,25.0,11168100.0,-1.0
2019-12-06 09:37:22,34642.96002866,1.0,25.0,11168200.0,-1.0
2019-12-06 09:37:23,34643.883054167,1.0,26.0,11169800.0,-1.0
2019-12-06 09:37:24,34644.954666194,1.0,74.0,11167800.0,-1.0
2019-12-06 09:37:25,34645.655564615,1.0,32.0,11165400.0,-1.0
2019-12-06 09:37:26,34646.957387782,1.0,55.0,11165500.0,-1.0
2019-12-06 09:37:27,34647.95888465,1.0,21.0,11165400.0,-1.0
2019-12-06 09:37:28,34648.772442923,1.0,43.0,11144000.0,1.0
2019-12-06 09:37:29,34649.911160313,5.0,100.0,11144700.0,1.0
2019-12-06 09:37:30,34650.963095661,1.0,43.0,11132400.0,1.0
2019-12-06 09:37:31,34651.978408737996,1.0,28.0,11166700.0,-1.0
2019-12-06 09:37:32,34652.865287072,3.0,58.0,11164900.0,-1.0
2019-12-06 09:37:33,34653.873275763995,3.0,25.0,11164000.0,-1.0
2019-12-06 09:37:34,34654.971950401,1.0,1.0,11143100.0,1.0
2019-12-06 09:37:35,,,,,
2019-12-06 09:37:36,34656.584886004,1.0,100.0,11138400.0,1.0
2019-12-06 09:37:37,34657.973600251,1.0,22.0,11168200.0,-1.0
2019-12-06 09:37:38,34658.990154885,1.0,25.0,11168000.0,-1.0
2019-12-06 09:37:39,34659.967850191,1.0,25.0,11131900.0,1.0
2019-12-06 09:37:40,34660.969616934,1.0,93.0,11168200.0,-1.0
2019-12-06 09:37:41,34661.618477606,1.0,100.0,11137900.0,1.0
2019-12-06 09:37:42,34662.780431367995,1.0,35.0,11167700.0,-1.0
2019-12-06 09:37:43,34663.781807338,1.0,26.0,11168300.0,-1.0
2019-12-06 09:37:44,34664.726833677996,1.0,100.0,11137900.0,1.0
2019-12-06 09:37:45,34665.978924407995,3.0,100.0,11137900.0,1.0
2019-12-06 09:37:46,34666.981580635,1.0,100.0,11145100.0,1.0
2019-12-06 09:37:47,34667.987913667,1.0,53.0,11145400.0,1.0
2019-12-06 09:37:48,34668.998787916,1.0,25.0,11167800.0,-1.0
2019-12-06 09:37:49,34669.990645317004,1.0,64.0,11168400.0,-1.0
2019-12-06 09:37:50,34670.992051629,1.0,31.0,11168100.0,-1.0
2019-12-06 09:37:51,34671.59140394,1.0,25.0,11168100.0,-1.0
2019-12-06 09:37:52,34672.993557397,1.0,77.0,11141600.0,1.0
2019-12-06 09:37:53,34673.233842497,1.0,10.0,11140900.0,1.0
2019-12-06 09:37:54,,,,,
2019-12-06 09:37:55,34675.984850316,1.0,100.0,11141300.0,1.0
2019-12-06 09:37:56,34676.99477425,1.0,100.0,11140800.0,1.0
2019-12-06 09:37:57,34677.601221041004,1.0,21.0,11168900.0,-1.0
2019-12-06 09:37:58,34678.602607077,1.0,23.0,11168000.0,-1.0
2019-12-06 09:37:59,34679.195780961,1.0,10.0,11142300.0,1.0
2019-12-06 09:38:00,34680.70553063,1.0,41.0,11168700.0,-1.0
2019-12-06 09:38:01,34681.807078037,1.0,21.0,11168800.0,-1.0
2019-12-06 09:38:02,34682.63648313,1.0,77.0,11142500.0,1.0
2019-12-06 09:38:03,34683.609602797995,1.0,28.0,11168100.0,-1.0
2019-12-06 09:38:04,34684.681347432,1.0,25.0,11135300.0,1.0
2019-12-06 09:38:05,34685.202712467,1.0,10.0,11143500.0,1.0
2019-12-06 09:38:06,34686.971180827,1.0,23.0,11145100.0,1.0
2019-12-06 09:38:07,34687.593147795,1.0,100.0,11160800.0,-1.0
2019-12-06 09:38:08,34688.812454837,1.0,100.0,11155800.0,-1.0
2019-12-06 09:38:09,34689.755347469,1.0,25.0,11136400.0,1.0
2019-12-06 09:38:10,34690.750147657,3.0,77.0,11142800.0,1.0
2019-12-06 09:38:11,34691.920897094,1.0,21.0,11146100.0,1.0
2019-12-06 09:38:12,34692.822286006,1.0,42.0,11167200.0,-1.0
2019-12-06 09:38:13,34693.924741999,1.0,21.0,11167400.0,-1.0
2019-12-06 09:38:14,34694.325274313,1.0,33.0,11167100.0,-1.0
2019-12-06 09:38:15,34695.92740754,1.0,59.0,11168700.0,-1.0
2019-12-06 09:38:16,34696.963698294,5.0,36.0,11148400.0,1.0
2019-12-06 09:38:17,34697.189322352,1.0,10.0,11145900.0,1.0
2019-12-06 09:38:18,34698.199694816,3.0,10.0,11155800.0,-1.0
2019-12-06 09:38:19,34699.715011534,1.0,25.0,11168100.0,-1.0
2019-12-06 09:38:20,34700.188233239,1.0,10.0,11146200.0,1.0
2019-12-06 09:38:21,34701.33476757,1.0,20.0,11168500.0,-1.0
2019-12-06 09:38:22,34702.187847491005,1.0,10.0,11146900.0,1.0
2019-12-06 09:38:23,34703.187853442,1.0,10.0,11147500.0,1.0
2019-12-06 09:38:24,34704.187825908,1.0,10.0,11147600.0,1.0
2019-12-06 09:38:25,34705.186471625,1.0,10.0,11148300.0,1.0
2019-12-06 09:38:26,,,,,
2019-12-06 09:38:27,34707.643237977994,1.0,36.0,11168200.0,-1.0
2019-12-06 09:38:28,34708.969528898,1.0,25.0,11168100.0,-1.0
2019-12-06 09:38:29,34709.99826247,3.0,25.0,11169400.0,-1.0
2019-12-06 09:38:30,34710.955134072996,1.0,25.0,11142500.0,1.0
2019-12-06 09:38:31,34711.448471902004,1.0,25.0,11168300.0,-1.0
2019-12-06 09:38:32,34712.849422929,3.0,5.0,11150800.0,1.0
2019-12-06 09:38:33,34713.952074801,1.0,20.0,11168300.0,-1.0
2019-12-06 09:38:34,34714.731171267005,1.0,100.0,11150800.0,1.0
2019-12-06 09:38:35,34715.700310134,3.0,77.0,11148300.0,1.0
2019-12-06 09:38:36,34716.952881877995,3.0,29.0,11174900.0,-1.0
2019-12-06 09:38:37,34717.188366117996,1.0,5.0,11153300.0,1.0
2019-12-06 09:38:38,34718.194695918,1.0,3.0,11155000.0,1.0
2019-12-06 09:38:39,34719.559912842,3.0,93.0,11168200.0,-1.0
2019-12-06 09:38:40,34720.979382337995,1.0,25.0,11140600.0,1.0
2019-12-06 09:38:41,34721.755341685,1.0,25.0,11141900.0,1.0
2019-12-06 09:38:42,34722.658969562995,1.0,77.0,11148400.0,1.0
2019-12-06 09:38:43,34723.363979052,1.0,20.0,11160000.0,-1.0
2019-12-06 09:38:44,34724.731735272,1.0,25.0,11141400.0,1.0
2019-12-06 09:38:45,34725.995212536,1.0,25.0,11141500.0,1.0
2019-12-06 09:38:46,34726.967225406,3.0,100.0,11158700.0,-1.0
2019-12-06 09:38:47,34727.372849852,1.0,100.0,11160000.0,-1.0
2019-12-06 09:38:48,34728.318539459,1.0,1.0,11151800.0,1.0
2019-12-06 09:38:49,34729.999522301,1.0,1.0,11166000.0,-1.0
2019-12-06 09:38:50,34730.811103743,1.0,35.0,11152200.0,1.0
2019-12-06 09:38:51,34731.882919849,1.0,1.0,11167300.0,-1.0
2019-12-06 09:38:52,,,,,
2019-12-06 09:38:53,34733.980205411004,1.0,32.0,11152400.0,1.0
2019-12-06 09:38:54,34734.356047467,1.0,25.0,11172000.0,-1.0
2019-12-06 09:38:55,34735.997804385,1.0,22.0,11154700.0,1.0
2019-12-06 09:38:56,34736.992059844,1.0,25.0,11174000.0,-1.0
2019-12-06 09:38:57,34737.442416419,1.0,25.0,11174000.0,-1.0
2019-12-06 09:38:58,34738.987172873,1.0,79.0,11177100.0,-1.0
2019-12-06 09:38:59,34739.463309562,1.0,25.0,11171500.0,-1.0
2019-12-06 09:39:00,34740.98994846,1.0,38.0,11145000.0,1.0
2019-12-06 09:39:01,34741.404836311,1.0,25.0,11140000.0,1.0
2019-12-06 09:39:02,34742.052428965,1.0,100.0,11160000.0,-1.0
2019-12-06 09:39:03,,,,,
2019-12-06 09:39:04,,,,,
2019-12-06 09:39:05,34745.997085826,1.0,41.0,11142700.0,1.0
2019-12-06 09:39:06,34746.997584241,3.0,25.0,11171400.0,-1.0
2019-12-06 09:39:07,34747.999810792004,1.0,22.0,11170100.0,-1.0
2019-12-06 09:39:08,34748.953065296,1.0,30.0,11162500.0,-1.0
2019-12-06 09:39:09,34749.902466006,1.0,30.0,11168600.0,-1.0
2019-12-06 09:39:10,34750.880067362,1.0,100.0,11153200.0,-1.0
2019-12-06 09:39:11,34751.998011692005,1.0,25.0,11171500.0,-1.0
2019-12-06 09:39:12,34752.63944877,1.0,6.0,11169100.0,-1.0
2019-12-06 09:39:13,34753.526557936,1.0,100.0,11146500.0,1.0
2019-12-06 09:39:14,34754.680839566005,1.0,25.0,11141200.0,1.0
2019-12-06 09:39:15,34755.846020516,1.0,1.0,11151100.0,1.0
2019-12-06 09:39:16,34756.30496888,3.0,5.0,11156000.0,-1.0
2019-12-06 09:39:17,34757.774746423,1.0,25.0,11141200.0,1.0
2019-12-06 09:39:18,34758.69616766,1.0,100.0,11158000.0,-1.0
2019-12-06 09:39:19,34759.915257998,1.0,13.0,11150100.0,1.0
2019-12-06 09:39:20,,,,,
2019-12-06 09:39:21,34761.435589598,3.0,50.0,11151600.0,1.0
2019-12-06 09:39:22,34762.520120116,1.0,22.0,11148700.0,1.0
2019-12-06 09:39:23,34763.220662627995,3.0,22.0,11148700.0,1.0
2019-12-06 09:39:24,,,,,
2019-12-06 09:39:25,34765.570158204,1.0,30.0,11140700.0,1.0
2019-12-06 09:39:26,34766.926106064,1.0,22.0,11150400.0,1.0
2019-12-06 09:39:27,34767.997380768,3.0,25.0,11173300.0,-1.0
2019-12-06 09:39:28,34768.846606492996,1.0,100.0,11147800.0,1.0
2019-12-06 09:39:29,34769.927727013,1.0,25.0,11140900.0,1.0
2019-12-06 09:39:30,,,,,
2019-12-06 09:39:31,34771.424284713,1.0,25.0,11140900.0,1.0
2019-12-06 09:39:32,,,,,
2019-12-06 09:39:33,34773.227074898,1.0,25.0,11140900.0,1.0
2019-12-06 09:39:34,34774.900355665,1.0,1.0,11150500.0,1.0
2019-12-06 09:39:35,,,,,
2019-12-06 09:39:36,34776.565282498,1.0,25.0,11140900.0,1.0
2019-12-06 09:39:37,34777.472694158,1.0,100.0,11147900.0,1.0
2019-12-06 09:39:38,34778.862759501004,1.0,25.0,11140900.0,1.0
2019-12-06 09:39:39,34779.944335177,3.0,20.0,11150400.0,1.0
2019-12-06 09:39:40,34780.837105451,1.0,100.0,11148000.0,1.0
2019-12-06 09:39:41,,,,,
2019-12-06 09:39:42,34782.97557617,1.0,25.0,11140900.0,1.0
2019-12-06 09:39:43,34783.950344905,1.0,22.0,11150300.0,1.0
2019-12-06 09:39:44,34784.546921431,1.0,100.0,11160000.0,-1.0
2019-12-06 09:39:45,,,,,
2019-12-06 09:39:46,34786.600489066004,1.0,100.0,11148100.0,1.0
2019-12-06 09:39:47,34787.997266692,1.0,25.0,11146200.0,1.0
2019-12-06 09:39:48,34788.825671849,1.0,1.0,11155000.0,1.0
2019-12-06 09:39:49,34789.753374712,1.0,100.0,11154000.0,1.0
2019-12-06 09:39:50,,,,,
2019-12-06 09:39:51,34791.932960115,1.0,25.0,11154300.0,1.0
2019-12-06 09:39:52,34792.887110797004,3.0,200.0,11150500.0,1.0
2019-12-06 09:39:53,34793.199031437995,1.0,100.0,11158000.0,1.0
2019-12-06 09:39:54,34794.996784863,3.0,100.0,11156700.0,1.0
2019-12-06 09:39:55,34795.452011107,5.0,5.0,11169000.0,1.0
2019-12-06 09:39:56,34796.868217396004,3.0,30.0,11155000.0,1.0
2019-12-06 09:39:57,34797.997915066,1.0,100.0,11154600.0,1.0
2019-12-06 09:39:58,34798.67083521,1.0,29.0,11179500.0,-1.0
2019-12-06 09:39:59,34799.487977646,3.0,100.0,11154600.0,1.0
2019-12-06 09:40:00,34800.874435354,1.0,23.0,11156400.0,1.0
2019-12-06 09:40:01,34801.81825909,1.0,1.0,11175300.0,-1.0
2019-12-06 09:40:02,34802.754462394,1.0,35.0,11157600.0,1.0
2019-12-06 09:40:03,34803.339346042005,1.0,35.0,11157500.0,1.0
2019-12-06 09:40:04,34804.721412062005,1.0,3.0,11158900.0,1.0
2019-12-06 09:40:05,34805.172944576,1.0,35.0,11157600.0,1.0
2019-12-06 09:40:06,34806.861786314,1.0,3.0,11160700.0,1.0
2019-12-06 09:40:07,34807.984214876,3.0,24.0,11157500.0,1.0
2019-12-06 09:40:08,34808.827935158,1.0,100.0,11153200.0,1.0
2019-12-06 09:40:09,34809.699053792996,1.0,25.0,11155500.0,1.0
2019-12-06 09:40:10,34810.918824237,1.0,13.0,11160400.0,1.0
2019-12-06 09:40:11,34811.903141102004,1.0,24.0,11141200.0,1.0
2019-12-06 09:40:12,34812.879519402,1.0,100.0,11170000.0,-1.0
2019-12-06 09:40:13,34813.962506947995,3.0,1.0,11175000.0,-1.0
2019-12-06 09:40:14,34814.791336914,1.0,25.0,11146300.0,1.0
2019-12-06 09:40:15,34815.508870186,1.0,100.0,11163600.0,-1.0
2019-12-06 09:40:16,34816.936522077995,1.0,25.0,11149700.0,1.0
2019-12-06 09:40:17,34817.993312381004,1.0,100.0,11172700.0,-1.0
2019-12-06 09:40:18,34818.891750591,1.0,2.0,11171600.0,-1.0
2019-12-06 09:40:19,34819.958410212,1.0,25.0,11160600.0,1.0
2019-12-06 09:40:20,34820.922426076,1.0,1.0,11158700.0,1.0
2019-12-06 09:40:21,34821.905074889,1.0,33.0,11162000.0,1.0
2019-12-06 09:40:22,34822.508001124,1.0,35.0,11157700.0,1.0
2019-12-06 09:40:23,34823.780266022004,1.0,100.0,11158400.0,1.0
2019-12-06 09:40:24,34824.598742527,1.0,100.0,11158200.0,1.0
2019-12-06 09:40:25,34825.943022528,1.0,99.0,11166300.0,1.0
2019-12-06 09:40:26,34826.989969217,1.0,26.0,11158900.0,1.0
2019-12-06 09:40:27,34827.791837379,1.0,25.0,11155300.0,1.0
2019-12-06 09:40:28,34828.94662893,1.0,100.0,11175800.0,-1.0
2019-12-06 09:40:29,34829.309846374,1.0,100.0,11176100.0,-1.0
2019-12-06 09:40:30,34830.817304751,3.0,21.0,11164200.0,1.0
2019-12-06 09:40:31,34831.732781082996,1.0,25.0,11159800.0,1.0
2019-12-06 09:40:32,34832.962423761004,1.0,100.0,11165600.0,1.0
2019-12-06 09:40:33,34833.986167345,1.0,22.0,11159000.0,1.0
2019-12-06 09:40:34,34834.887990753996,3.0,35.0,11164400.0,1.0
2019-12-06 09:40:35,34835.88984758,3.0,28.0,11189600.0,-1.0
2019-12-06 09:40:36,34836.926379487995,1.0,32.0,11169300.0,1.0
2019-12-06 09:40:37,34837.975199941,3.0,100.0,11165600.0,1.0
2019-12-06 09:40:38,34838.990632136,1.0,1.0,11183800.0,-1.0
2019-12-06 09:40:39,34839.829890541,3.0,20.0,11169400.0,1.0
2019-12-06 09:40:40,34840.531266276004,1.0,29.0,11169400.0,1.0
2019-12-06 09:40:41,34841.432452277004,1.0,20.0,11169200.0,1.0
2019-12-06 09:40:42,34842.83908899,3.0,50.0,11169500.0,1.0
2019-12-06 09:40:43,34843.587679185,5.0,1.0,11174400.0,1.0
2019-12-06 09:40:44,34844.68200608,1.0,25.0,11160800.0,1.0
2019-12-06 09:40:45,34845.87740616,1.0,100.0,11161700.0,1.0
2019-12-06 09:40:46,34846.839857123996,1.0,23.0,11192800.0,-1.0
2019-12-06 09:40:47,34847.941331239,1.0,22.0,11192000.0,-1.0
2019-12-06 09:40:48,34848.942619807,1.0,25.0,11191900.0,-1.0
2019-12-06 09:40:49,34849.945372111004,1.0,1.0,11182100.0,-1.0
2019-12-06 09:40:50,34850.949276472005,1.0,200.0,11167000.0,1.0
2019-12-06 09:40:51,34851.746418153,1.0,30.0,11169200.0,1.0
2019-12-06 09:40:52,34852.94808622,1.0,28.0,11196600.0,-1.0
2019-12-06 09:40:53,34853.850389928,1.0,37.0,11196700.0,-1.0
2019-12-06 09:40:54,34854.670974146,1.0,100.0,11190800.0,-1.0
2019-12-06 09:40:55,34855.899084756,1.0,200.0,11170000.0,1.0
2019-12-06 09:40:56,34856.954646459,1.0,34.0,11196100.0,-1.0
2019-12-06 09:40:57,34857.955963732005,1.0,28.0,11195800.0,-1.0
2019-12-06 09:40:58,34858.35651226,1.0,20.0,11195700.0,-1.0
2019-12-06 09:40:59,34859.05747638,1.0,20.0,11170700.0,1.0
2019-12-06 09:41:00,34860.960024114,1.0,67.0,11195200.0,-1.0
2019-12-06 09:41:01,34861.174932458,1.0,28.0,11196100.0,-1.0
2019-12-06 09:41:02,34862.562166689,1.0,23.0,11195900.0,-1.0
2019-12-06 09:41:03,34863.980295206,1.0,100.0,11199600.0,-1.0
2019-12-06 09:41:04,34864.973778167005,1.0,25.0,11164300.0,1.0
2019-12-06 09:41:05,34865.666449988996,1.0,20.0,11206300.0,-1.0
2019-12-06 09:41:06,34866.829868304,1.0,1.0,11196500.0,-1.0
2019-12-06 09:41:07,34867.868329626,1.0,100.0,11205000.0,-1.0
2019-12-06 09:41:08,34868.870746524,1.0,21.0,11206200.0,-1.0
2019-12-06 09:41:09,34869.371371722,1.0,24.0,11206200.0,-1.0
2019-12-06 09:41:10,34870.960428499,1.0,25.0,11169600.0,1.0
2019-12-06 09:41:11,34871.132176331004,1.0,25.0,11169600.0,1.0
2019-12-06 09:41:12,34872.790908592004,1.0,25.0,11169600.0,1.0
2019-12-06 09:41:13,34873.968481568,1.0,25.0,11171600.0,1.0
2019-12-06 09:41:14,34874.576174164,1.0,30.0,11169200.0,1.0
2019-12-06 09:41:15,34875.79950411,3.0,100.0,11177100.0,1.0
2019-12-06 09:41:16,34876.874010712,3.0,7.0,11188600.0,-1.0
2019-12-06 09:41:17,34877.727930693,1.0,25.0,11203700.0,-1.0
2019-12-06 09:41:18,34878.979323433,1.0,24.0,11201600.0,-1.0
2019-12-06 09:41:19,34879.990836404,1.0,25.0,11203400.0,-1.0
2019-12-06 09:41:20,34880.986782773,3.0,44.0,11204900.0,-1.0
2019-12-06 09:41:21,34881.83137661,1.0,30.0,11173100.0,1.0
2019-12-06 09:41:22,34882.188511726,3.0,36.0,11205000.0,-1.0
2019-12-06 09:41:23,34883.730760115,1.0,1.0,11177000.0,1.0
2019-12-06 09:41:24,34884.829359172996,1.0,23.0,11203300.0,-1.0
2019-12-06 09:41:25,34885.945498832996,1.0,27.0,11171700.0,1.0
2019-12-06 09:41:26,34886.745052175,1.0,100.0,11195100.0,-1.0
2019-12-06 09:41:27,,,,,
2019-12-06 09:41:28,34888.771092426,3.0,4.0,11171000.0,1.0
2019-12-06 09:41:29,34889.965379533,1.0,100.0,11187500.0,-1.0
2019-12-06 09:41:30,34890.468633744,1.0,100.0,11187700.0,-1.0
2019-12-06 09:41:31,34891.903004142005,1.0,100.0,11187900.0,-1.0
2019-12-06 09:41:32,34892.993080397995,1.0,100.0,11189400.0,-1.0
2019-12-06 09:41:33,34893.905998709,1.0,100.0,11189000.0,-1.0
2019-12-06 09:41:34,34894.917304564,1.0,25.0,11179400.0,1.0
2019-12-06 09:41:35,34895.930597126004,1.0,25.0,11216300.0,-1.0
2019-12-06 09:41:36,34896.909841227,1.0,73.0,11214000.0,-1.0
2019-12-06 09:41:37,34897.911172501,1.0,20.0,11214100.0,-1.0
2019-12-06 09:41:38,34898.92122822,1.0,25.0,11179400.0,1.0
2019-12-06 09:41:39,34899.75361318,1.0,1.0,11204100.0,-1.0
2019-12-06 09:41:40,34900.946069674,1.0,1.0,11203900.0,-1.0
2019-12-06 09:41:41,,,,,
2019-12-06 09:41:42,34902.623189175,1.0,13.0,11182200.0,1.0
2019-12-06 09:41:43,34903.755256727,1.0,1.0,11203200.0,-1.0
2019-12-06 09:41:44,34904.839442587996,3.0,4.0,11180300.0,1.0
2019-12-06 09:41:45,34905.92202663,1.0,22.0,11211700.0,-1.0
2019-12-06 09:41:46,34906.881310767996,1.0,35.0,11180500.0,1.0
2019-12-06 09:41:47,34907.36083315,3.0,35.0,11180500.0,1.0
2019-12-06 09:41:48,,,,,
2019-12-06 09:41:49,34909.827427993,1.0,33.0,11211400.0,-1.0
2019-12-06 09:41:50,34910.928831628,1.0,21.0,11211200.0,-1.0
2019-12-06 09:41:51,34911.23605106,3.0,100.0,11180100.0,1.0
2019-12-06 09:41:52,34912.694859475,1.0,4.0,11182800.0,1.0
2019-12-06 09:41:53,34913.336296647,1.0,100.0,11182800.0,1.0
2019-12-06 09:41:54,,,,,
2019-12-06 09:41:55,34915.535426944,1.0,20.0,11212000.0,-1.0
2019-12-06 09:41:56,34916.839740714,1.0,2.0,11195000.0,-1.0
2019-12-06 09:41:57,34917.938718192,1.0,54.0,11203100.0,-1.0
2019-12-06 09:41:58,34918.839876959,1.0,30.0,11181200.0,1.0
2019-12-06 09:41:59,34919.970405482,1.0,4.0,11193700.0,-1.0
2019-12-06 09:42:00,34920.816944879,3.0,3.0,11187000.0,-1.0
2019-12-06 09:42:01,34921.791028037005,1.0,100.0,11175700.0,1.0
2019-12-06 09:42:02,,,,,
2019-12-06 09:42:03,34923.596185684,1.0,25.0,11179500.0,1.0
2019-12-06 09:42:04,34924.749448563,1.0,100.0,11180300.0,1.0
2019-12-06 09:42:05,34925.893421621004,3.0,50.0,11192000.0,-1.0
2019-12-06 09:42:06,34926.850453872,1.0,21.0,11202800.0,-1.0
2019-12-06 09:42:07,34927.431808914,1.0,100.0,11180300.0,1.0
2019-12-06 09:42:08,34928.762574749,1.0,100.0,11181500.0,1.0
2019-12-06 09:42:09,34929.981864981004,3.0,24.0,11198700.0,-1.0
2019-12-06 09:42:10,34930.956122712996,1.0,33.0,11174200.0,1.0
2019-12-06 09:42:11,34931.777328539,1.0,24.0,11199000.0,-1.0
2019-12-06 09:42:12,34932.956186864,3.0,100.0,11165000.0,1.0
2019-12-06 09:42:13,34933.487117527,1.0,10.0,11186700.0,-1.0
2019-12-06 09:42:14,34934.810200362,3.0,35.0,11174300.0,1.0
2019-12-06 09:42:15,34935.998974876,1.0,30.0,11174700.0,1.0
2019-12-06 09:42:16,34936.984383972995,1.0,10.0,11186400.0,-1.0
2019-12-06 09:42:17,34937.999010167005,3.0,10.0,11186200.0,-1.0
2019-12-06 09:42:18,34938.963581882,1.0,10.0,11186200.0,-1.0
2019-12-06 09:42:19,34939.783428252005,3.0,35.0,11173500.0,1.0
2019-12-06 09:42:20,34940.840236821,1.0,10.0,11185500.0,-1.0
2019-12-06 09:42:21,34941.872548895,1.0,10.0,11186600.0,-1.0
2019-12-06 09:42:22,34942.296255654,3.0,10.0,11186500.0,-1.0
2019-12-06 09:42:23,,,,,
2019-12-06 09:42:24,,,,,
2019-12-06 09:42:25,34945.99632919,1.0,100.0,11187500.0,-1.0
2019-12-06 09:42:26,34946.004339547995,3.0,10.0,11185800.0,-1.0
2019-12-06 09:42:27,34947.622846815,1.0,30.0,11174300.0,1.0
2019-12-06 09:42:28,34948.782482306,1.0,10.0,11185400.0,-1.0
2019-12-06 09:42:29,34949.88907546,1.0,25.0,11175100.0,1.0
2019-12-06 09:42:30,34950.983910404,1.0,23.0,11202500.0,-1.0
2019-12-06 09:42:31,,,,,
2019-12-06 09:42:32,34952.85994782,1.0,25.0,11175100.0,1.0
2019-12-06 09:42:33,34953.086680256,1.0,22.0,11202500.0,-1.0
2019-12-06 09:42:34,34954.77739466,1.0,25.0,11175100.0,1.0
2019-12-06 09:42:35,,,,,
2019-12-06 09:42:36,34956.891586067,3.0,28.0,11204500.0,-1.0
2019-12-06 09:42:37,34957.915150518,1.0,100.0,11180500.0,1.0
2019-12-06 09:42:38,34958.892418149,1.0,25.0,11181200.0,1.0
2019-12-06 09:42:39,,,,,
2019-12-06 09:42:40,34960.596885271,1.0,30.0,11211400.0,-1.0
2019-12-06 09:42:41,34961.898587119,1.0,27.0,11211300.0,-1.0
2019-12-06 09:42:42,34962.499342892996,1.0,22.0,11211300.0,-1.0
2019-12-06 09:42:43,34963.17591973,1.0,20.0,11211200.0,-1.0
2019-12-06 09:42:44,34964.701725776,3.0,26.0,11177800.0,1.0
2019-12-06 09:42:45,34965.277916515,1.0,25.0,11181200.0,1.0
2019-12-06 09:42:46,,,,,
2019-12-06 09:42:47,34967.986176018,1.0,100.0,11205000.0,-1.0
2019-12-06 09:42:48,,,,,
2019-12-06 09:42:49,34969.617245632995,1.0,100.0,11205000.0,-1.0
2019-12-06 09:42:50,34970.362346312,1.0,25.0,11181200.0,1.0
2019-12-06 09:42:51,,,,,
2019-12-06 09:42:52,34972.929397789,1.0,100.0,11205500.0,-1.0
2019-12-06 09:42:53,34973.83609892,1.0,22.0,11176400.0,1.0
2019-12-06 09:42:54,34974.997505572996,1.0,1.0,11188300.0,1.0
2019-12-06 09:42:55,34975.617707043,1.0,45.0,11192900.0,1.0
2019-12-06 09:42:56,34976.919373802004,1.0,61.0,11189300.0,1.0
2019-12-06 09:42:57,34977.993241457996,1.0,28.0,11211500.0,-1.0
2019-12-06 09:42:58,34978.907942852995,1.0,23.0,11208600.0,-1.0
2019-12-06 09:42:59,34979.602156116,3.0,22.0,11206100.0,-1.0
2019-12-06 09:43:00,34980.220578589,1.0,25.0,11182800.0,1.0
2019-12-06 09:43:01,34981.043265967004,1.0,100.0,11180000.0,1.0
2019-12-06 09:43:02,34982.926906867004,3.0,65.0,11212000.0,-1.0
2019-12-06 09:43:03,34983.775418685,1.0,1.0,11200000.0,-1.0
2019-12-06 09:43:04,34984.914464576,1.0,5.0,11189100.0,1.0
2019-12-06 09:43:05,34985.92706064,1.0,27.0,11210900.0,-1.0
2019-12-06 09:43:06,34986.97320567,1.0,28.0,11211500.0,-1.0
2019-12-06 09:43:07,34987.939577867,1.0,30.0,11187800.0,1.0
2019-12-06 09:43:08,34988.546148463996,1.0,4.0,11174300.0,1.0
2019-12-06 09:43:09,,,,,
2019-12-06 09:43:10,,,,,
2019-12-06 09:43:11,34991.939603273,1.0,52.0,11187200.0,1.0
2019-12-06 09:43:12,34992.940772712995,1.0,4.0,11199800.0,-1.0
2019-12-06 09:43:13,34993.519964742,1.0,100.0,11185200.0,1.0
2019-12-06 09:43:14,34994.009478066,1.0,100.0,11185200.0,1.0
2019-12-06 09:43:15,,,,,
2019-12-06 09:43:16,34996.632798957005,1.0,100.0,11184500.0,1.0
2019-12-06 09:43:17,,,,,
2019-12-06 09:43:18,34998.339506741,1.0,1.0,11189300.0,1.0
2019-12-06 09:43:19,34999.891327799,1.0,4.0,11199700.0,-1.0
2019-12-06 09:43:20,35000.961746962996,1.0,1.0,11189300.0,1.0
2019-12-06 09:43:21,35001.675763744,3.0,1.0,11189300.0,1.0
2019-12-06 09:43:22,35002.254628259,1.0,2.0,11184500.0,1.0
2019-12-06 09:43:23,35003.769733643,1.0,1.0,11188100.0,1.0
2019-12-06 09:43:24,35004.950381762996,1.0,30.0,11188000.0,1.0
2019-12-06 09:43:25,35005.675277609,3.0,100.0,11199400.0,-1.0
2019-12-06 09:43:26,35006.397297402,1.0,100.0,11187900.0,1.0
2019-12-06 09:43:27,35007.980082799,1.0,25.0,11187900.0,1.0
2019-12-06 09:43:28,35008.762561005,1.0,30.0,11188100.0,1.0
2019-12-06 09:43:29,35009.963593155,1.0,66.0,11188900.0,1.0
2019-12-06 09:43:30,35010.568253883,1.0,23.0,11209300.0,-1.0
2019-12-06 09:43:31,,,,,
2019-12-06 09:43:32,35012.99716509,1.0,100.0,11198000.0,-1.0
2019-12-06 09:43:33,35013.863585722,1.0,5.0,11189300.0,1.0
2019-12-06 09:43:34,35014.960805122,1.0,100.0,11194300.0,-1.0
2019-12-06 09:43:35,35015.453071042,3.0,1.0,11170400.0,1.0
2019-12-06 09:43:36,35016.869947285,1.0,100.0,11185800.0,-1.0
2019-12-06 09:43:37,35017.999994184,3.0,4.0,11198000.0,-1.0
2019-12-06 09:43:38,35018.275013435,3.0,50.0,11212800.0,-1.0
2019-12-06 09:43:39,,,,,
2019-12-06 09:43:40,,,,,
2019-12-06 09:43:41,,,,,
2019-12-06 09:43:42,35022.266771194,1.0,2.0,11198000.0,-1.0
2019-12-06 09:43:43,35023.843900646,5.0,16.0,11182900.0,1.0
2019-12-06 09:43:44,35024.799920187004,1.0,1.0,11201300.0,-1.0
2019-12-06 09:43:45,35025.985926178,1.0,52.0,11183300.0,1.0
2019-12-06 09:43:46,35026.90181924,1.0,100.0,11171400.0,1.0
2019-12-06 09:43:47,35027.988725694,1.0,25.0,11212700.0,-1.0
2019-12-06 09:43:48,35028.990156962005,1.0,31.0,11211000.0,-1.0
2019-12-06 09:43:49,35029.99151591,1.0,21.0,11212600.0,-1.0
2019-12-06 09:43:50,35030.392024935,1.0,24.0,11213600.0,-1.0
2019-12-06 09:43:51,35031.883828858,1.0,25.0,11177200.0,1.0
2019-12-06 09:43:52,35032.995621212,1.0,21.0,11212400.0,-1.0
2019-12-06 09:43:53,35033.533382167,1.0,100.0,11183500.0,1.0
2019-12-06 09:43:54,35034.664544851,1.0,100.0,11183500.0,1.0
2019-12-06 09:43:55,35035.390161592004,1.0,25.0,11177200.0,1.0
2019-12-06 09:43:56,,,,,
2019-12-06 09:43:57,35037.831098331,1.0,1.0,11189600.0,-1.0
2019-12-06 09:43:58,35038.941443759,3.0,1.0,11201200.0,-1.0
2019-12-06 09:43:59,35039.304354075,1.0,24.0,11209800.0,-1.0
2019-12-06 09:44:00,35040.999331466,3.0,5.0,11186700.0,-1.0
2019-12-06 09:44:01,35041.827320628996,3.0,1.0,11200900.0,-1.0
2019-12-06 09:44:02,35042.909484941,1.0,21.0,11181100.0,1.0
2019-12-06 09:44:03,35043.816946495,1.0,25.0,11178800.0,1.0
2019-12-06 09:44:04,35044.224104686,1.0,25.0,11178100.0,1.0
2019-12-06 09:44:05,35045.176578241,1.0,20.0,11207000.0,-1.0
2019-12-06 09:44:06,,,,,
2019-12-06 09:44:07,,,,,
2019-12-06 09:44:08,35048.176176581,3.0,21.0,11181100.0,1.0
2019-12-06 09:44:09,35049.818939123,1.0,26.0,11179700.0,1.0
2019-12-06 09:44:10,35050.756802867996,1.0,100.0,11172300.0,1.0
2019-12-06 09:44:11,35051.787306642,1.0,1.0,11180700.0,1.0
2019-12-06 09:44:12,35052.957270324,1.0,24.0,11202100.0,-1.0
2019-12-06 09:44:13,35053.825743714,1.0,1.0,11189400.0,-1.0
2019-12-06 09:44:14,,,,,
2019-12-06 09:44:15,35055.686445866,5.0,6.0,11183600.0,1.0
2019-12-06 09:44:16,35056.451178103,5.0,9.0,11187200.0,1.0
2019-12-06 09:44:17,,,,,
2019-12-06 09:44:18,,,,,
2019-12-06 09:44:19,,,,,
2019-12-06 09:44:20,35060.889684816,1.0,100.0,11180800.0,1.0
2019-12-06 09:44:21,35061.836045578,1.0,28.0,11202800.0,-1.0
2019-12-06 09:44:22,35062.937506698,1.0,23.0,11203000.0,-1.0
2019-12-06 09:44:23,,,,,
2019-12-06 09:44:24,35064.99642705,1.0,1.0,11183900.0,1.0
2019-12-06 09:44:25,35065.64128895,1.0,48.0,11180800.0,1.0
2019-12-06 09:44:26,35066.943185746,1.0,20.0,11175700.0,1.0
2019-12-06 09:44:27,35067.844046148995,3.0,66.0,11172300.0,1.0
2019-12-06 09:44:28,,,,,
2019-12-06 09:44:29,35069.968748143,1.0,22.0,11175700.0,1.0
2019-12-06 09:44:30,35070.948257667005,3.0,20.0,11172500.0,1.0
2019-12-06 09:44:31,35071.895985401,1.0,25.0,11176700.0,1.0
2019-12-06 09:44:32,35072.850887039,3.0,39.0,11172400.0,1.0
2019-12-06 09:44:33,35073.503344151,3.0,20.0,11176800.0,1.0
2019-12-06 09:44:34,35074.302183087,1.0,100.0,11189000.0,-1.0
2019-12-06 09:44:35,35075.855598402,1.0,40.0,11176700.0,1.0
2019-12-06 09:44:36,35076.856964793,1.0,21.0,11202600.0,-1.0
2019-12-06 09:44:37,35077.899212364,1.0,1.0,11194200.0,-1.0
2019-12-06 09:44:38,35078.558461732006,1.0,100.0,11169600.0,1.0
2019-12-06 09:44:39,35079.887190592,1.0,22.0,11177000.0,1.0
2019-12-06 09:44:40,35080.857950806,1.0,22.0,11178000.0,1.0
2019-12-06 09:44:41,35081.274037022995,3.0,22.0,11178000.0,1.0
2019-12-06 09:44:42,35082.016368552,3.0,15.0,11185700.0,-1.0
2019-12-06 09:44:43,35083.966332055,1.0,24.0,11201000.0,-1.0
2019-12-06 09:44:44,35084.767510485,1.0,20.0,11201100.0,-1.0
2019-12-06 09:44:45,35085.176879716004,1.0,21.0,11174000.0,1.0
2019-12-06 09:44:46,35086.889850047,1.0,100.0,11183400.0,-1.0
2019-12-06 09:44:47,35087.311251787,1.0,10.0,11185700.0,-1.0
2019-12-06 09:44:48,35088.509596438,1.0,100.0,11183400.0,-1.0
2019-12-06 09:44:49,,,,,
2019-12-06 09:44:50,35090.438065687005,5.0,100.0,11180200.0,1.0
2019-12-06 09:44:51,35091.776888922,5.0,96.0,11180100.0,1.0
2019-12-06 09:44:52,,,,,
2019-12-06 09:44:53,35093.881408338,1.0,25.0,11176700.0,1.0
2019-12-06 09:44:54,35094.588328952996,5.0,7.0,11180100.0,1.0
2019-12-06 09:44:55,35095.696931299,1.0,100.0,11183400.0,-1.0
2019-12-06 09:44:56,35096.98627818,1.0,10.0,11199000.0,-1.0
2019-12-06 09:44:57,35097.757146878,1.0,100.0,11171800.0,1.0
2019-12-06 09:44:58,,,,,
2019-12-06 09:44:59,,,,,
2019-12-06 09:45:00,35100.206056787,3.0,15.0,11178600.0,1.0
2019-12-06 09:45:01,35101.891582617005,1.0,22.0,11200600.0,-1.0
2019-12-06 09:45:02,35102.774201106,1.0,28.0,11195400.0,-1.0
2019-12-06 09:45:03,35103.994311774,1.0,77.0,11199700.0,-1.0
2019-12-06 09:45:04,35104.996841322994,1.0,100.0,11189000.0,-1.0
2019-12-06 09:45:05,35105.99572511,1.0,100.0,11188800.0,-1.0
2019-12-06 09:45:06,35106.838715297,1.0,100.0,11200000.0,-1.0
2019-12-06 09:45:07,35107.899391587,1.0,24.0,11181700.0,1.0
2019-12-06 09:45:08,,,,,
2019-12-06 09:45:09,35109.896140582,1.0,25.0,11176700.0,1.0
2019-12-06 09:45:10,35110.803155011,1.0,29.0,11197600.0,-1.0
2019-12-06 09:45:11,35111.511859223996,1.0,100.0,11182600.0,1.0
2019-12-06 09:45:12,35112.906102738,1.0,57.0,11199500.0,-1.0
2019-12-06 09:45:13,35113.907566985,1.0,52.0,11198700.0,-1.0
2019-12-06 09:45:14,35114.40821682,1.0,22.0,11200500.0,-1.0
2019-12-06 09:45:15,35115.008994582,1.0,21.0,11200600.0,-1.0
2019-12-06 09:45:16,35116.676951021,1.0,100.0,11182700.0,1.0
2019-12-06 09:45:17,35117.31212584,1.0,37.0,11199500.0,-1.0
2019-12-06 09:45:18,35118.914326695,1.0,20.0,11199600.0,-1.0
2019-12-06 09:45:19,35119.814044485,3.0,1.0,11188600.0,-1.0
2019-12-06 09:45:20,35120.949268435,1.0,100.0,11180300.0,1.0
2019-12-06 09:45:21,35121.574753115,1.0,100.0,11186800.0,-1.0
2019-12-06 09:45:22,35122.819800592995,1.0,1.0,11186700.0,-1.0
2019-12-06 09:45:23,35123.999650574,3.0,100.0,11184000.0,-1.0
2019-12-06 09:45:24,35124.980853059,1.0,50.0,11174000.0,1.0
2019-12-06 09:45:25,35125.705046057,1.0,1.0,11168100.0,1.0
2019-12-06 09:45:26,35126.942775015,3.0,100.0,11181300.0,-1.0
2019-12-06 09:45:27,,,,,
2019-12-06 09:45:28,35128.928343752,1.0,21.0,11167600.0,1.0
2019-12-06 09:45:29,35129.829268833,3.0,28.0,11194300.0,-1.0
2019-12-06 09:45:30,35130.931203022,1.0,37.0,11172000.0,1.0
2019-12-06 09:45:31,35131.431915058,1.0,20.0,11171900.0,1.0
2019-12-06 09:45:32,35132.95315722,1.0,1.0,11188700.0,-1.0
2019-12-06 09:45:33,35133.936275948,1.0,33.0,11173800.0,1.0
2019-12-06 09:45:34,35134.537118099,1.0,20.0,11173700.0,1.0
2019-12-06 09:45:35,35135.421427151,1.0,100.0,11164000.0,1.0
2019-12-06 09:45:36,35136.965457358,1.0,97.0,11174700.0,1.0
2019-12-06 09:45:37,,,,,
2019-12-06 09:45:38,35138.087928431,1.0,100.0,11166700.0,1.0
2019-12-06 09:45:39,35139.430570838,1.0,25.0,11169600.0,1.0
2019-12-06 09:45:40,35140.965365062,1.0,1.0,11173200.0,1.0
2019-12-06 09:45:41,35141.947234947,1.0,22.0,11173100.0,1.0
2019-12-06 09:45:42,35142.047372557005,1.0,21.0,11200200.0,-1.0
2019-12-06 09:45:43,35143.959840468,1.0,25.0,11173800.0,1.0
2019-12-06 09:45:44,35144.951344894,1.0,21.0,11174300.0,1.0
2019-12-06 09:45:45,35145.979973303,3.0,1.0,11173200.0,1.0
2019-12-06 09:45:46,35146.954006112,1.0,70.0,11176700.0,1.0
2019-12-06 09:45:47,35147.354523835,1.0,22.0,11176600.0,1.0
2019-12-06 09:45:48,35148.956682113,1.0,27.0,11178600.0,1.0
2019-12-06 09:45:49,35149.224794885,5.0,100.0,11181700.0,1.0
2019-12-06 09:45:50,35150.994102583,1.0,1.0,11177500.0,1.0
2019-12-06 09:45:51,35151.583255606,1.0,25.0,11174300.0,1.0
2019-12-06 09:45:52,35152.980137971004,1.0,97.0,11180000.0,1.0
2019-12-06 09:45:53,35153.96362253,1.0,24.0,11179500.0,1.0
2019-12-06 09:45:54,35154.163890018,1.0,22.0,11179400.0,1.0
2019-12-06 09:45:55,35155.412528908,1.0,1.0,11180000.0,1.0
2019-12-06 09:45:56,35156.931542852,1.0,100.0,11180100.0,1.0
2019-12-06 09:45:57,35157.768812652,1.0,49.0,11179600.0,1.0
2019-12-06 09:45:58,35158.97048552,1.0,20.0,11179500.0,1.0
2019-12-06 09:45:59,35159.908614585,1.0,25.0,11175100.0,1.0
2019-12-06 09:46:00,35160.94946676,1.0,25.0,11175300.0,1.0
2019-12-06 09:46:01,35161.862989516,1.0,100.0,11188600.0,-1.0
2019-12-06 09:46:02,35162.788613375,1.0,25.0,11175200.0,1.0
2019-12-06 09:46:03,35163.970170724,1.0,100.0,11187800.0,-1.0
2019-12-06 09:46:04,35164.685393857,1.0,20.0,11175700.0,1.0
2019-12-06 09:46:05,35165.677398818996,1.0,25.0,11175300.0,1.0
2019-12-06 09:46:06,35166.981391895,1.0,21.0,11179600.0,1.0
2019-12-06 09:46:07,35167.840182915,1.0,97.0,11180500.0,1.0
2019-12-06 09:46:08,35168.838220297,1.0,2.0,11189100.0,-1.0
2019-12-06 09:46:09,35169.985351427,1.0,25.0,11180700.0,1.0
2019-12-06 09:46:10,35170.686384059,1.0,21.0,11199800.0,-1.0
2019-12-06 09:46:11,35171.92810727,1.0,100.0,11188200.0,-1.0
2019-12-06 09:46:12,35172.994486962,4.0,1.0,11187600.0,-1.0
2019-12-06 09:46:13,35173.801887811,1.0,1.0,11197900.0,-1.0
2019-12-06 09:46:14,35174.569501992,3.0,15.0,11190200.0,1.0
2019-12-06 09:46:15,35175.73569465,1.0,30.0,11203500.0,-1.0
2019-12-06 09:46:16,35176.817797396005,1.0,1.0,11189700.0,1.0
2019-12-06 09:46:17,35177.990004915,1.0,100.0,11202000.0,-1.0
2019-12-06 09:46:18,35178.080842004,1.0,100.0,11202100.0,-1.0
2019-12-06 09:46:19,35179.36508676,1.0,24.0,11207600.0,-1.0
2019-12-06 09:46:20,35180.787101864,3.0,5.0,11196400.0,-1.0
2019-12-06 09:46:21,35181.868437503,1.0,97.0,11189800.0,1.0
2019-12-06 09:46:22,35182.835848658,1.0,100.0,11188300.0,1.0
2019-12-06 09:46:23,35183.996659106,1.0,100.0,11202600.0,-1.0
2019-12-06 09:46:24,35184.284500352005,1.0,97.0,11189700.0,1.0
2019-12-06 09:46:25,35185.066604823,1.0,97.0,11189800.0,1.0
2019-12-06 09:46:26,35186.760151698996,1.0,100.0,11199500.0,-1.0
2019-12-06 09:46:27,35187.710151119,3.0,20.0,11185900.0,1.0
2019-12-06 09:46:28,,,,,
2019-12-06 09:46:29,35189.151209507996,1.0,100.0,11196400.0,-1.0
2019-12-06 09:46:30,35190.609789999,1.0,100.0,11197300.0,-1.0
2019-12-06 09:46:31,,,,,
2019-12-06 09:46:32,35192.959487863,1.0,100.0,11198400.0,-1.0
2019-12-06 09:46:33,35193.364904247,1.0,100.0,11199100.0,-1.0
2019-12-06 09:46:34,35194.976423039,1.0,100.0,11198500.0,-1.0
2019-12-06 09:46:35,35195.274220147,1.0,100.0,11198700.0,-1.0
2019-12-06 09:46:36,,,,,
2019-12-06 09:46:37,35197.442320694,1.0,100.0,11199500.0,-1.0
2019-12-06 09:46:38,35198.815739917,1.0,97.0,11194600.0,1.0
2019-12-06 09:46:39,35199.875546346004,1.0,100.0,11193100.0,1.0
2019-12-06 09:46:40,35200.794915975,3.0,100.0,11195200.0,1.0
2019-12-06 09:46:41,35201.828738082004,3.0,69.0,11212200.0,-1.0
2019-12-06 09:46:42,35202.830388133,1.0,62.0,11212200.0,-1.0
2019-12-06 09:46:43,35203.892098617005,3.0,100.0,11193100.0,1.0
2019-12-06 09:46:44,35204.227155021,5.0,90.0,11196100.0,1.0
2019-12-06 09:46:45,35205.633620922,3.0,51.0,11215000.0,-1.0
2019-12-06 09:46:46,35206.992780876004,1.0,2.0,11198900.0,-1.0
2019-12-06 09:46:47,35207.968328602,3.0,15.0,11196900.0,-1.0
2019-12-06 09:46:48,35208.897420983,1.0,100.0,11196200.0,-1.0
2019-12-06 09:46:49,,,,,
2019-12-06 09:46:50,35210.880733173995,1.0,1.0,11192000.0,1.0
2019-12-06 09:46:51,35211.857690243,1.0,28.0,11213900.0,-1.0
2019-12-06 09:46:52,35212.811844472,1.0,5.0,11198900.0,-1.0
2019-12-06 09:46:53,35213.976318028,1.0,5.0,11198900.0,-1.0
2019-12-06 09:46:54,35214.848281822,1.0,100.0,11195600.0,1.0
2019-12-06 09:46:55,35215.948841727004,1.0,55.0,11191300.0,1.0
2019-12-06 09:46:56,35216.64973455,1.0,20.0,11191300.0,1.0
2019-12-06 09:46:57,35217.039390138,3.0,2.0,11198900.0,-1.0
2019-12-06 09:46:58,35218.621290372,3.0,50.0,11195700.0,1.0
2019-12-06 09:46:59,35219.826866562005,3.0,100.0,11174700.0,1.0
2019-12-06 09:47:00,,,,,
2019-12-06 09:47:01,35221.670344032005,1.0,100.0,11202300.0,-1.0
2019-12-06 09:47:02,35222.657737715,1.0,42.0,11193100.0,1.0
2019-12-06 09:47:03,35223.935310131004,1.0,100.0,11201700.0,-1.0
2019-12-06 09:47:04,35224.187239557,1.0,25.0,11191800.0,1.0
2019-12-06 09:47:05,35225.067627601,1.0,100.0,11202900.0,-1.0
2019-12-06 09:47:06,35226.961001687996,1.0,100.0,11201400.0,-1.0
2019-12-06 09:47:07,35227.964944946,1.0,100.0,11183900.0,1.0
2019-12-06 09:47:08,35228.727135604,1.0,100.0,11201800.0,-1.0
2019-12-06 09:47:09,35229.989518161005,1.0,100.0,11202900.0,-1.0
2019-12-06 09:47:10,35230.869039294,1.0,23.0,11195600.0,1.0
2019-12-06 09:47:11,35231.870558723,1.0,57.0,11220700.0,-1.0
2019-12-06 09:47:12,35232.972080971,1.0,21.0,11198400.0,1.0
2019-12-06 09:47:13,35233.873509965,1.0,21.0,11198500.0,1.0
2019-12-06 09:47:14,35234.536365007996,1.0,25.0,11224900.0,-1.0
2019-12-06 09:47:15,35235.876256181,1.0,21.0,11220800.0,-1.0
2019-12-06 09:47:16,35236.89064946,1.0,4.0,11201200.0,1.0
2019-12-06 09:47:17,35237.979278436,1.0,56.0,11200200.0,1.0
2019-12-06 09:47:18,35238.880487042996,1.0,21.0,11200300.0,1.0
2019-12-06 09:47:19,35239.885567585,1.0,29.0,11190200.0,1.0
2019-12-06 09:47:20,35240.883288091,1.0,63.0,11200100.0,1.0
2019-12-06 09:47:21,35241.984880361,1.0,63.0,11192300.0,1.0
2019-12-06 09:47:22,35242.886064707,1.0,33.0,11214400.0,-1.0
2019-12-06 09:47:23,35243.987588622,1.0,20.0,11214200.0,-1.0
2019-12-06 09:47:24,35244.594901133,1.0,100.0,11220000.0,-1.0
2019-12-06 09:47:25,,,,,
2019-12-06 09:47:26,35246.991728982,1.0,49.0,11218700.0,-1.0
2019-12-06 09:47:27,35247.999279678996,1.0,25.0,11198400.0,1.0
2019-12-06 09:47:28,35248.994516156,1.0,55.0,11200200.0,1.0
2019-12-06 09:47:29,35249.995976078,1.0,36.0,11225400.0,-1.0
2019-12-06 09:47:30,35250.797088082996,1.0,61.0,11200000.0,1.0
2019-12-06 09:47:31,35251.986081778,5.0,40.0,11213600.0,1.0
2019-12-06 09:47:32,35252.999821237005,3.0,41.0,11200000.0,1.0
2019-12-06 09:47:33,35253.554793392,1.0,4.0,11210000.0,1.0
2019-12-06 09:47:34,35254.703489856,1.0,21.0,11200300.0,1.0
2019-12-06 09:47:35,35255.962845282,1.0,100.0,11226800.0,-1.0
2019-12-06 09:47:36,35256.986782231004,1.0,1.0,11206600.0,1.0
2019-12-06 09:47:37,35257.711830077,1.0,14.0,11211900.0,1.0
2019-12-06 09:47:38,35258.85536658,1.0,100.0,11226800.0,-1.0
2019-12-06 09:47:39,35259.757346079,1.0,25.0,11211900.0,1.0
2019-12-06 09:47:40,35260.84704716,1.0,100.0,11221800.0,-1.0
2019-12-06 09:47:41,35261.99950587,3.0,25.0,11210000.0,1.0
2019-12-06 09:47:42,35262.972400888,1.0,23.0,11219300.0,-1.0
2019-12-06 09:47:43,35263.980016686,1.0,25.0,11205100.0,1.0
2019-12-06 09:47:44,35264.917943897,1.0,26.0,11224300.0,-1.0
2019-12-06 09:47:45,35265.728678199,1.0,100.0,11205000.0,1.0
2019-12-06 09:47:46,35266.734710736004,1.0,100.0,11212500.0,-1.0
2019-12-06 09:47:47,35267.921812339,1.0,89.0,11232000.0,-1.0
2019-12-06 09:47:48,35268.924372956004,3.0,100.0,11209200.0,1.0
2019-12-06 09:47:49,35269.924809195,1.0,30.0,11205800.0,1.0
2019-12-06 09:47:50,35270.926177295,1.0,39.0,11204200.0,1.0
2019-12-06 09:47:51,35271.928984337996,3.0,100.0,11209200.0,1.0
2019-12-06 09:47:52,35272.928947405,1.0,42.0,11225600.0,-1.0
2019-12-06 09:47:53,35273.329407859,1.0,26.0,11204400.0,1.0
2019-12-06 09:47:54,35274.531108673,1.0,22.0,11225400.0,-1.0
2019-12-06 09:47:55,35275.933017475,1.0,43.0,11225900.0,-1.0
2019-12-06 09:47:56,35276.983990975,1.0,70.0,11203900.0,1.0
2019-12-06 09:47:57,35277.375435212,1.0,25.0,11208700.0,1.0
2019-12-06 09:47:58,35278.936919335,1.0,21.0,11205700.0,1.0
2019-12-06 09:47:59,35279.016794525,1.0,70.0,11204500.0,1.0
2019-12-06 09:48:00,35280.782821559,3.0,100.0,11208800.0,1.0
2019-12-06 09:48:01,35281.594465743,1.0,70.0,11203300.0,1.0
2019-12-06 09:48:02,35282.942171787,1.0,20.0,11205900.0,1.0
2019-12-06 09:48:03,35283.209771932,1.0,13.0,11208700.0,1.0
2019-12-06 09:48:04,,,,,
2019-12-06 09:48:05,35285.927361695,3.0,70.0,11203300.0,1.0
2019-12-06 09:48:06,,,,,
2019-12-06 09:48:07,,,,,
2019-12-06 09:48:08,,,,,
2019-12-06 09:48:09,35289.92567611,3.0,70.0,11204700.0,1.0
2019-12-06 09:48:10,,,,,
2019-12-06 09:48:11,35291.330687832,1.0,70.0,11204300.0,1.0
2019-12-06 09:48:12,35292.602389408,1.0,1.0,11209000.0,1.0
2019-12-06 09:48:13,35293.970848621,1.0,25.0,11238300.0,-1.0
2019-12-06 09:48:14,35294.588518458,1.0,50.0,11223500.0,-1.0
2019-12-06 09:48:15,35295.345550095,1.0,1.0,11240900.0,-1.0
2019-12-06 09:48:16,35296.895735948,3.0,50.0,11223500.0,-1.0
2019-12-06 09:48:17,35297.018722097004,1.0,4.0,11219700.0,-1.0
2019-12-06 09:48:18,35298.172012648,1.0,60.0,11204600.0,1.0
2019-12-06 09:48:19,35299.576495551,1.0,50.0,11225200.0,-1.0
2019-12-06 09:48:20,,,,,
2019-12-06 09:48:21,35301.960386232,1.0,50.0,11224800.0,-1.0
2019-12-06 09:48:22,35302.669807608,1.0,21.0,11225400.0,-1.0
2019-12-06 09:48:23,35303.538338177,1.0,25.0,11238200.0,-1.0
2019-12-06 09:48:24,35304.714268286,1.0,25.0,11238100.0,-1.0
2019-12-06 09:48:25,35305.93094848,1.0,25.0,11238000.0,-1.0
2019-12-06 09:48:26,,,,,
2019-12-06 09:48:27,,,,,
2019-12-06 09:48:28,35308.530803516,1.0,25.0,11208700.0,1.0
2019-12-06 09:48:29,35309.691104057005,1.0,50.0,11223800.0,-1.0
2019-12-06 09:48:30,35310.806646755,1.0,100.0,11219700.0,-1.0
2019-12-06 09:48:31,35311.030441452,1.0,10.0,11212800.0,1.0
2019-12-06 09:48:32,,,,,
2019-12-06 09:48:33,35313.784913955,1.0,33.0,11225000.0,-1.0
2019-12-06 09:48:34,35314.886359751,1.0,20.0,11223100.0,-1.0
2019-12-06 09:48:35,35315.878339535,1.0,25.0,11234500.0,-1.0
2019-12-06 09:48:36,35316.888929998,1.0,35.0,11224200.0,-1.0
2019-12-06 09:48:37,35317.896106681,1.0,1.0,11219300.0,-1.0
2019-12-06 09:48:38,,,,,
2019-12-06 09:48:39,35319.766811324,1.0,60.0,11205400.0,1.0
2019-12-06 09:48:40,35320.693805988,1.0,21.0,11223000.0,-1.0
2019-12-06 09:48:41,,,,,
2019-12-06 09:48:42,35322.535667456,1.0,25.0,11208700.0,1.0
2019-12-06 09:48:43,,,,,
2019-12-06 09:48:44,35324.601100029,1.0,100.0,11219000.0,-1.0
2019-12-06 09:48:45,35325.018860941,1.0,60.0,11204600.0,1.0
2019-12-06 09:48:46,35326.701978738,1.0,33.0,11222500.0,-1.0
2019-12-06 09:48:47,35327.812627739,1.0,60.0,11204800.0,1.0
2019-12-06 09:48:48,35328.858938163,1.0,25.0,11234200.0,-1.0
2019-12-06 09:48:49,,,,,
2019-12-06 09:48:50,35330.607320135,1.0,20.0,11222100.0,-1.0
2019-12-06 09:48:51,35331.333213042,3.0,5.0,11209300.0,1.0
2019-12-06 09:48:52,35332.878224826,3.0,100.0,11209100.0,1.0
2019-12-06 09:48:53,35333.853141435,3.0,60.0,11204800.0,1.0
2019-12-06 09:48:54,35334.217493315,3.0,5.0,11209300.0,1.0
2019-12-06 09:48:55,35335.658958906,1.0,3.0,11209300.0,1.0
2019-12-06 09:48:56,,,,,
2019-12-06 09:48:57,35337.988661412004,3.0,70.0,11207700.0,1.0
2019-12-06 09:48:58,35338.730448736,1.0,25.0,11249800.0,-1.0
2019-12-06 09:48:59,35339.99005614,1.0,4.0,11229600.0,-1.0
2019-12-06 09:49:00,35340.922930379,1.0,41.0,11229700.0,-1.0
2019-12-06 09:49:01,35341.924434903,1.0,75.0,11230700.0,-1.0
2019-12-06 09:49:02,35342.925835812996,1.0,26.0,11231800.0,-1.0
2019-12-06 09:49:03,35343.762404495,1.0,25.0,11208700.0,1.0
2019-12-06 09:49:04,35344.728231568,1.0,20.0,11206100.0,1.0
2019-12-06 09:49:05,35345.829716501,1.0,21.0,11229000.0,-1.0
2019-12-06 09:49:06,,,,,
2019-12-06 09:49:07,35347.949917051,1.0,45.0,11214500.0,1.0
2019-12-06 09:49:08,35348.833652585,1.0,20.0,11228900.0,-1.0
2019-12-06 09:49:09,35349.889646047,4.0,1.0,11214500.0,1.0
2019-12-06 09:49:10,35350.24534328,1.0,25.0,11209000.0,1.0
2019-12-06 09:49:11,35351.982446481,3.0,60.0,11205600.0,1.0
2019-12-06 09:49:12,35352.638780646004,1.0,22.0,11229000.0,-1.0
2019-12-06 09:49:13,35353.94786769,3.0,2.0,11217400.0,-1.0
2019-12-06 09:49:14,35354.917516942005,1.0,70.0,11206200.0,1.0
2019-12-06 09:49:15,35355.921097262995,1.0,25.0,11208800.0,1.0
2019-12-06 09:49:16,35356.744443832,1.0,23.0,11225500.0,-1.0
2019-12-06 09:49:17,,,,,
2019-12-06 09:49:18,35358.246464305,1.0,22.0,11225600.0,-1.0
2019-12-06 09:49:19,35359.891923861,3.0,70.0,11206200.0,1.0
2019-12-06 09:49:20,,,,,
2019-12-06 09:49:21,,,,,
2019-12-06 09:49:22,35362.406183605,1.0,60.0,11220400.0,-1.0
2019-12-06 09:49:23,,,,,
2019-12-06 09:49:24,35364.454816392004,1.0,21.0,11225500.0,-1.0
2019-12-06 09:49:25,35365.95688076,1.0,56.0,11223500.0,-1.0
2019-12-06 09:49:26,35366.803489877,3.0,1.0,11210000.0,1.0
2019-12-06 09:49:27,35367.959587847996,1.0,57.0,11223300.0,-1.0
2019-12-06 09:49:28,35368.960912489,1.0,55.0,11223400.0,-1.0
2019-12-06 09:49:29,35369.761965729,1.0,46.0,11223300.0,-1.0
2019-12-06 09:49:30,35370.810478734,5.0,5.0,11213000.0,1.0
2019-12-06 09:49:31,35371.764599498,1.0,25.0,11224000.0,-1.0
2019-12-06 09:49:32,35372.966215775,1.0,20.0,11224600.0,-1.0
2019-12-06 09:49:33,35373.366776373,1.0,20.0,11224100.0,-1.0
2019-12-06 09:49:34,35374.998375653,3.0,50.0,11212500.0,-1.0
2019-12-06 09:49:35,35375.718002582005,3.0,50.0,11213000.0,-1.0
2019-12-06 09:49:36,35376.572084907995,1.0,21.0,11220800.0,-1.0
2019-12-06 09:49:37,35377.973941739,1.0,26.0,11224200.0,-1.0
2019-12-06 09:49:38,35378.6748738,1.0,25.0,11224100.0,-1.0
2019-12-06 09:49:39,35379.676210822996,1.0,33.0,11220600.0,-1.0
2019-12-06 09:49:40,35380.877771661,1.0,24.0,11220800.0,-1.0
2019-12-06 09:49:41,35381.979204947995,1.0,31.0,11220300.0,-1.0
2019-12-06 09:49:42,35382.980508114,1.0,22.0,11184600.0,1.0
2019-12-06 09:49:43,35383.981901721,1.0,28.0,11220400.0,-1.0
2019-12-06 09:49:44,35384.983103009,1.0,69.0,11214500.0,-1.0
2019-12-06 09:49:45,35385.984490882,1.0,74.0,11215800.0,-1.0
2019-12-06 09:49:46,35386.985820332004,1.0,45.0,11212900.0,-1.0
2019-12-06 09:49:47,35387.987154133996,1.0,42.0,11188700.0,1.0
2019-12-06 09:49:48,35388.888348106004,1.0,36.0,11212800.0,-1.0
2019-12-06 09:49:49,35389.789567613996,1.0,28.0,11211400.0,-1.0
2019-12-06 09:49:50,35390.690327448,3.0,21.0,11191700.0,1.0
2019-12-06 09:49:51,35391.992504506,1.0,70.0,11220400.0,-1.0
2019-12-06 09:49:52,35392.993815726004,1.0,35.0,11220600.0,-1.0
2019-12-06 09:49:53,35393.795002416,1.0,29.0,11220600.0,-1.0
2019-12-06 09:49:54,35394.996636257005,1.0,37.0,11215700.0,-1.0
2019-12-06 09:49:55,35395.907149074,1.0,3.0,11200100.0,1.0
2019-12-06 09:49:56,35396.799509567005,1.0,22.0,11215700.0,-1.0
2019-12-06 09:49:57,35397.868496398,3.0,70.0,11195000.0,1.0
2019-12-06 09:49:58,35398.902167723,1.0,24.0,11215600.0,-1.0
2019-12-06 09:49:59,35399.903486926,1.0,36.0,11214300.0,-1.0
2019-12-06 09:50:00,35400.704556109,1.0,26.0,11193000.0,1.0
2019-12-06 09:50:01,35401.906365797004,1.0,58.0,11214300.0,-1.0
2019-12-06 09:50:02,35402.616459746,1.0,25.0,11199700.0,1.0
2019-12-06 09:50:03,35403.919825793,1.0,25.0,11199200.0,1.0
2019-12-06 09:50:04,35404.810391694,1.0,42.0,11191600.0,1.0
2019-12-06 09:50:05,35405.956490114,3.0,100.0,11208700.0,-1.0
2019-12-06 09:50:06,35406.937468603996,1.0,25.0,11189700.0,1.0
2019-12-06 09:50:07,35407.91030972,1.0,29.0,11214600.0,-1.0
2019-12-06 09:50:08,35408.973376894,1.0,1.0,11206000.0,-1.0
2019-12-06 09:50:09,35409.970295019,3.0,25.0,11218900.0,-1.0
2019-12-06 09:50:10,35410.819434094,1.0,25.0,11211100.0,-1.0
2019-12-06 09:50:11,35411.820844909,1.0,22.0,11209000.0,-1.0
2019-12-06 09:50:12,35412.847285075,1.0,1.0,11199200.0,1.0
2019-12-06 09:50:13,35413.998098123,3.0,3.0,11205600.0,-1.0
2019-12-06 09:50:14,35414.105732993,1.0,1.0,11192800.0,1.0
2019-12-06 09:50:15,35415.82741202,1.0,21.0,11186700.0,1.0
2019-12-06 09:50:16,35416.628486259,1.0,23.0,11214500.0,-1.0
2019-12-06 09:50:17,35417.655224532995,1.0,24.0,11218400.0,-1.0
2019-12-06 09:50:18,35418.900402739,1.0,60.0,11192900.0,1.0
2019-12-06 09:50:19,35419.933056504,1.0,23.0,11186700.0,1.0
2019-12-06 09:50:20,35420.934419106,1.0,21.0,11186700.0,1.0
2019-12-06 09:50:21,,,,,
2019-12-06 09:50:22,35422.968330094,1.0,100.0,11208400.0,-1.0
2019-12-06 09:50:23,,,,,
2019-12-06 09:50:24,35424.339006792005,1.0,21.0,11212900.0,-1.0
2019-12-06 09:50:25,,,,,
2019-12-06 09:50:26,35426.842502505,1.0,29.0,11214700.0,-1.0
2019-12-06 09:50:27,35427.643568891,1.0,22.0,11212800.0,-1.0
2019-12-06 09:50:28,35428.945488771,1.0,58.0,11212700.0,-1.0
2019-12-06 09:50:29,35429.869643178,1.0,3.0,11206900.0,-1.0
2019-12-06 09:50:30,35430.948228862,1.0,76.0,11214600.0,-1.0
2019-12-06 09:50:31,35431.949650845,1.0,55.0,11212700.0,-1.0
2019-12-06 09:50:32,35432.969906287995,1.0,100.0,11206900.0,-1.0
2019-12-06 09:50:33,,,,,
2019-12-06 09:50:34,,,,,
2019-12-06 09:50:35,35435.654921826004,1.0,45.0,11192800.0,1.0
2019-12-06 09:50:36,35436.656286247,1.0,23.0,11212600.0,-1.0
2019-12-06 09:50:37,35437.559036476,1.0,60.0,11212500.0,-1.0
2019-12-06 09:50:38,35438.859353146,1.0,23.0,11211400.0,-1.0
2019-12-06 09:50:39,35439.131835117005,1.0,1.0,11204500.0,-1.0
2019-12-06 09:50:40,35440.576399639,3.0,100.0,11208300.0,-1.0
2019-12-06 09:50:41,35441.181211942,1.0,20.0,11211500.0,-1.0
2019-12-06 09:50:42,35442.971359202995,1.0,100.0,11204500.0,-1.0
2019-12-06 09:50:43,35443.411665255,1.0,70.0,11196400.0,1.0
2019-12-06 09:50:44,35444.940363627,3.0,60.0,11212500.0,-1.0
2019-12-06 09:50:45,35445.181260715,1.0,22.0,11193500.0,1.0
2019-12-06 09:50:46,35446.769870615,1.0,29.0,11211400.0,-1.0
2019-12-06 09:50:47,35447.170395581,1.0,25.0,11211200.0,-1.0
2019-12-06 09:50:48,35448.958701343,3.0,50.0,11202200.0,-1.0
2019-12-06 09:50:49,35449.873874017,1.0,20.0,11211300.0,-1.0
2019-12-06 09:50:50,35450.968968854,4.0,1.0,11198600.0,1.0
2019-12-06 09:50:51,35451.316266133,1.0,1.0,11194400.0,1.0
2019-12-06 09:50:52,35452.978208183,1.0,65.0,11191200.0,1.0
2019-12-06 09:50:53,35453.536946161,1.0,100.0,11197200.0,1.0
2019-12-06 09:50:54,35454.981754266,1.0,22.0,11191000.0,1.0
2019-12-06 09:50:55,35455.990912192996,1.0,2.0,11208500.0,-1.0
2019-12-06 09:50:56,35456.684277541004,1.0,39.0,11192100.0,1.0
2019-12-06 09:50:57,35457.68562432,1.0,22.0,11192100.0,1.0
2019-12-06 09:50:58,,,,,
2019-12-06 09:50:59,35459.788603512,1.0,24.0,11211600.0,-1.0
2019-12-06 09:51:00,35460.890049677,1.0,71.0,11212400.0,-1.0
2019-12-06 09:51:01,35461.791258083,1.0,25.0,11214400.0,-1.0
2019-12-06 09:51:02,35462.492170636004,1.0,28.0,11193100.0,1.0
2019-12-06 09:51:03,35463.994242927,1.0,21.0,11211500.0,-1.0
2019-12-06 09:51:04,35464.695213961,1.0,21.0,11193200.0,1.0
2019-12-06 09:51:05,35465.796676269,1.0,21.0,11214300.0,-1.0
2019-12-06 09:51:06,35466.697842189,1.0,24.0,11192200.0,1.0
2019-12-06 09:51:07,35467.899466978,1.0,25.0,11212800.0,-1.0
2019-12-06 09:51:08,35468.622481547995,5.0,2.0,11206000.0,1.0
2019-12-06 09:51:09,35469.902302822,1.0,37.0,11212900.0,-1.0
2019-12-06 09:51:10,35470.60323506,1.0,24.0,11212500.0,-1.0
2019-12-06 09:51:11,35471.944617685,1.0,25.0,11196400.0,1.0
2019-12-06 09:51:12,35472.984125954,1.0,3.0,11209800.0,-1.0
2019-12-06 09:51:13,35473.507343728,1.0,22.0,11211500.0,-1.0
2019-12-06 09:51:14,35474.852871917,1.0,70.0,11192900.0,1.0
2019-12-06 09:51:15,35475.181489246,1.0,21.0,11211500.0,-1.0
2019-12-06 09:51:16,,,,,
2019-12-06 09:51:17,,,,,
2019-12-06 09:51:18,35478.047952927,1.0,2.0,11208500.0,-1.0
2019-12-06 09:51:19,35479.841555423,1.0,1.0,11212700.0,-1.0
2019-12-06 09:51:20,35480.716866,1.0,26.0,11212200.0,-1.0
2019-12-06 09:51:21,35481.818348887995,1.0,25.0,11211500.0,-1.0
2019-12-06 09:51:22,,,,,
2019-12-06 09:51:23,,,,,
2019-12-06 09:51:24,35484.565956809,1.0,25.0,11196400.0,1.0
2019-12-06 09:51:25,35485.584332835,1.0,100.0,11196800.0,1.0
2019-12-06 09:51:26,35486.725021707,1.0,20.0,11211200.0,-1.0
2019-12-06 09:51:27,35487.943863176,1.0,42.0,11206500.0,-1.0
2019-12-06 09:51:28,35488.827728166,1.0,40.0,11192500.0,1.0
2019-12-06 09:51:29,35489.939374283,1.0,25.0,11196400.0,1.0
2019-12-06 09:51:30,35490.988190839,1.0,42.0,11207100.0,-1.0
2019-12-06 09:51:31,35491.181750531,1.0,20.0,11214500.0,-1.0
2019-12-06 09:51:32,35492.98958712,1.0,25.0,11196500.0,1.0
2019-12-06 09:51:33,35493.936183603,1.0,42.0,11212800.0,-1.0
2019-12-06 09:51:34,35494.98840712,1.0,1.0,11203300.0,-1.0
2019-12-06 09:51:35,35495.914405813,1.0,26.0,11211700.0,-1.0
2019-12-06 09:51:36,35496.948407939,1.0,25.0,11219200.0,-1.0
2019-12-06 09:51:37,35497.946924173,1.0,25.0,11219900.0,-1.0
2019-12-06 09:51:38,35498.342495447,1.0,23.0,11208300.0,-1.0
2019-12-06 09:51:39,35499.844504058,1.0,27.0,11205400.0,-1.0
2019-12-06 09:51:40,35500.69858799,1.0,25.0,11186700.0,1.0
2019-12-06 09:51:41,35501.923788065,1.0,6.0,11183900.0,1.0
2019-12-06 09:51:42,,,,,
2019-12-06 09:51:43,35503.986715245,1.0,90.0,11208500.0,-1.0
2019-12-06 09:51:44,35504.993475381,1.0,2.0,11206300.0,-1.0
2019-12-06 09:51:45,35505.95319103,1.0,31.0,11211300.0,-1.0
2019-12-06 09:51:46,35506.954513527,1.0,24.0,11212900.0,-1.0
2019-12-06 09:51:47,35507.054789897,1.0,22.0,11212900.0,-1.0
2019-12-06 09:51:48,35508.957165764,1.0,21.0,11212800.0,-1.0
2019-12-06 09:51:49,35509.959500715,3.0,100.0,11192300.0,1.0
2019-12-06 09:51:50,35510.759532045,1.0,21.0,11212800.0,-1.0
2019-12-06 09:51:51,35511.660711093,1.0,20.0,11213000.0,-1.0
2019-12-06 09:51:52,35512.851961632005,3.0,70.0,11187500.0,1.0
2019-12-06 09:51:53,,,,,
2019-12-06 09:51:54,35514.865274639,1.0,38.0,11212400.0,-1.0
2019-12-06 09:51:55,35515.76640902,1.0,20.0,11211300.0,-1.0
2019-12-06 09:51:56,35516.967956627,1.0,34.0,11185700.0,1.0
2019-12-06 09:51:57,35517.668948198,1.0,21.0,11185700.0,1.0
2019-12-06 09:51:58,,,,,
2019-12-06 09:51:59,35519.568855448,1.0,25.0,11219900.0,-1.0
2019-12-06 09:52:00,35520.676803443996,1.0,25.0,11219900.0,-1.0
2019-12-06 09:52:01,35521.992240936,1.0,1.0,11194400.0,1.0
2019-12-06 09:52:02,35522.776153552004,1.0,36.0,11214900.0,-1.0
2019-12-06 09:52:03,35523.977951735,1.0,27.0,11212100.0,-1.0
2019-12-06 09:52:04,35524.778984755,1.0,22.0,11211400.0,-1.0
2019-12-06 09:52:05,35525.479988071,1.0,21.0,11211500.0,-1.0
2019-12-06 09:52:06,35526.723111879,1.0,25.0,11192300.0,1.0
2019-12-06 09:52:07,35527.883884692004,3.0,100.0,11194900.0,1.0
2019-12-06 09:52:08,35528.985227457,1.0,49.0,11215800.0,-1.0
2019-12-06 09:52:09,35529.457625488,1.0,27.0,11218000.0,-1.0
2019-12-06 09:52:10,35530.721655709,1.0,25.0,11192800.0,1.0
2019-12-06 09:52:11,35531.288539164,1.0,31.0,11214400.0,-1.0
2019-12-06 09:52:12,35532.690472925,1.0,37.0,11212500.0,-1.0
2019-12-06 09:52:13,35533.99313124,1.0,78.0,11214900.0,-1.0
2019-12-06 09:52:14,35534.994470317004,1.0,40.0,11215900.0,-1.0
2019-12-06 09:52:15,35535.594888602005,3.0,22.0,11215900.0,-1.0
2019-12-06 09:52:16,35536.519519629,1.0,80.0,11195900.0,1.0
2019-12-06 09:52:17,35537.789004351,1.0,25.0,11224300.0,-1.0
2019-12-06 09:52:18,35538.259799692,1.0,25.0,11224300.0,-1.0
2019-12-06 09:52:19,,,,,
2019-12-06 09:52:20,,,,,
2019-12-06 09:52:21,35541.903878603,1.0,20.0,11211700.0,-1.0
2019-12-06 09:52:22,35542.104156003996,1.0,20.0,11194800.0,1.0
2019-12-06 09:52:23,35543.983117163996,3.0,80.0,11195900.0,1.0
2019-12-06 09:52:24,35544.908047254,1.0,58.0,11210200.0,-1.0
2019-12-06 09:52:25,35545.408693404,1.0,22.0,11210000.0,-1.0
2019-12-06 09:52:26,35546.779167314,1.0,84.0,11199000.0,1.0
2019-12-06 09:52:27,35547.841562817004,1.0,70.0,11195600.0,1.0
2019-12-06 09:52:28,35548.913122805,3.0,79.0,11215900.0,-1.0
2019-12-06 09:52:29,35549.96597505,1.0,100.0,11201500.0,1.0
2019-12-06 09:52:30,35550.972623225,3.0,15.0,11206700.0,1.0
2019-12-06 09:52:31,35551.945025052,1.0,1.0,11212500.0,-1.0
2019-12-06 09:52:32,35552.445577323,1.0,2.0,11208500.0,-1.0
2019-12-06 09:52:33,35553.920597991004,1.0,20.0,11216600.0,-1.0
2019-12-06 09:52:34,,,,,
2019-12-06 09:52:35,35555.906203708,3.0,4.0,11229000.0,-1.0
2019-12-06 09:52:36,35556.987149367,1.0,1.0,11213400.0,-1.0
2019-12-06 09:52:37,35557.625674965,1.0,27.0,11195000.0,1.0
2019-12-06 09:52:38,35558.727098651,1.0,24.0,11195000.0,1.0
2019-12-06 09:52:39,35559.828562691,1.0,34.0,11221000.0,-1.0
2019-12-06 09:52:40,35560.91363461,1.0,2.0,11213400.0,-1.0
2019-12-06 09:52:41,35561.93132399,1.0,58.0,11195200.0,1.0
2019-12-06 09:52:42,35562.431990357,1.0,21.0,11195100.0,1.0
2019-12-06 09:52:43,35563.93396108,1.0,44.0,11195300.0,1.0
2019-12-06 09:52:44,35564.334527311,1.0,20.0,11217000.0,-1.0
2019-12-06 09:52:45,35565.970181678,1.0,70.0,11199600.0,1.0
2019-12-06 09:52:46,35566.5484759,1.0,25.0,11198000.0,1.0
2019-12-06 09:52:47,35567.939457074,1.0,45.0,11216500.0,-1.0
2019-12-06 09:52:48,35568.339937578996,1.0,21.0,11216600.0,-1.0
2019-12-06 09:52:49,35569.741883962,1.0,22.0,11195800.0,1.0
2019-12-06 09:52:50,35570.963520649,1.0,25.0,11199300.0,1.0
2019-12-06 09:52:51,35571.844775357,1.0,20.0,11218600.0,-1.0
2019-12-06 09:52:52,35572.984003471,1.0,50.0,11199700.0,1.0
2019-12-06 09:52:53,35573.709860163995,1.0,1.0,11212300.0,-1.0
2019-12-06 09:52:54,35574.979406968,1.0,13.0,11204100.0,1.0
2019-12-06 09:52:55,35575.943851706004,3.0,50.0,11208200.0,-1.0
2019-12-06 09:52:56,35576.829149473,1.0,70.0,11199300.0,1.0
2019-12-06 09:52:57,35577.975208748,1.0,1.0,11213700.0,-1.0
2019-12-06 09:52:58,35578.526722267,1.0,100.0,11220500.0,-1.0
2019-12-06 09:52:59,35579.17544337,1.0,25.0,11197700.0,1.0
2019-12-06 09:53:00,35580.465330553,1.0,25.0,11229600.0,-1.0
2019-12-06 09:53:01,35581.564178344,1.0,24.0,11219800.0,-1.0
2019-12-06 09:53:02,35582.860661953,1.0,21.0,11215700.0,-1.0
2019-12-06 09:53:03,35583.962102377,1.0,24.0,11197100.0,1.0
2019-12-06 09:53:04,35584.863316434,1.0,39.0,11197300.0,1.0
2019-12-06 09:53:05,35585.868639931,1.0,25.0,11199300.0,1.0
2019-12-06 09:53:06,35586.87031749,1.0,25.0,11199300.0,1.0
2019-12-06 09:53:07,35587.48962992,1.0,100.0,11208200.0,-1.0
2019-12-06 09:53:08,35588.431613127,1.0,70.0,11197700.0,1.0
2019-12-06 09:53:09,,,,,
2019-12-06 09:53:10,,,,,
2019-12-06 09:53:11,35591.572176319,1.0,21.0,11197100.0,1.0
2019-12-06 09:53:12,35592.823228991,5.0,2.0,11201300.0,1.0
2019-12-06 09:53:13,,,,,
2019-12-06 09:53:14,35594.976879795,1.0,27.0,11214000.0,-1.0
2019-12-06 09:53:15,35595.978138974,1.0,39.0,11213500.0,-1.0
2019-12-06 09:53:16,35596.979424271,1.0,62.0,11214600.0,-1.0
2019-12-06 09:53:17,35597.868663939,3.0,5.0,11200000.0,1.0
2019-12-06 09:53:18,35598.888495159,1.0,100.0,11205600.0,-1.0
2019-12-06 09:53:19,35599.894303523,1.0,25.0,11228700.0,-1.0
2019-12-06 09:53:20,35600.924452248,1.0,60.0,11218000.0,-1.0
2019-12-06 09:53:21,35601.886089305,1.0,100.0,11229500.0,-1.0
2019-12-06 09:53:22,35602.49583885,1.0,22.0,11218800.0,-1.0
2019-12-06 09:53:23,35603.788585994,1.0,25.0,11195600.0,1.0
2019-12-06 09:53:24,35604.582254447996,1.0,100.0,11218000.0,-1.0
2019-12-06 09:53:25,35605.87944149,1.0,100.0,11202600.0,1.0
2019-12-06 09:53:26,35606.845377661004,1.0,22.0,11203100.0,1.0
2019-12-06 09:53:27,35607.763782242,1.0,1.0,11212200.0,-1.0
2019-12-06 09:53:28,35608.695101022,1.0,20.0,11216700.0,-1.0
2019-12-06 09:53:29,35609.750074373,1.0,1.0,11197000.0,1.0
2019-12-06 09:53:30,35610.358954345,1.0,60.0,11217600.0,-1.0
2019-12-06 09:53:31,35611.59892472,1.0,22.0,11216600.0,-1.0
2019-12-06 09:53:32,35612.771326138,1.0,25.0,11228100.0,-1.0
2019-12-06 09:53:33,35613.092896878996,1.0,25.0,11228100.0,-1.0
2019-12-06 09:53:34,35614.002920622,1.0,20.0,11216800.0,-1.0
2019-12-06 09:53:35,35615.872265098,1.0,1.0,11195900.0,1.0
2019-12-06 09:53:36,35616.637799403,1.0,100.0,11182100.0,1.0
2019-12-06 09:53:37,35617.908515881,1.0,23.0,11211500.0,-1.0
2019-12-06 09:53:38,35618.967713708,3.0,50.0,11213900.0,-1.0
2019-12-06 09:53:39,35619.183165589,1.0,22.0,11211400.0,-1.0
2019-12-06 09:53:40,35620.912512896,1.0,20.0,11186200.0,1.0
2019-12-06 09:53:41,35621.998927825,3.0,25.0,11222900.0,-1.0
2019-12-06 09:53:42,35622.945076875,3.0,50.0,11206600.0,-1.0
2019-12-06 09:53:43,35623.925714516,1.0,1.0,11212600.0,-1.0
2019-12-06 09:53:44,35624.981370347996,1.0,25.0,11223500.0,-1.0
2019-12-06 09:53:45,35625.927958478,1.0,25.0,11229200.0,-1.0
2019-12-06 09:53:46,35626.994942062,1.0,100.0,11220000.0,-1.0
2019-12-06 09:53:47,35627.92185729,1.0,38.0,11216500.0,-1.0
2019-12-06 09:53:48,35628.823081706,1.0,69.0,11211400.0,-1.0
2019-12-06 09:53:49,35629.997875388,1.0,25.0,11181000.0,1.0
2019-12-06 09:53:50,35630.72573435,1.0,34.0,11207400.0,-1.0
2019-12-06 09:53:51,35631.92689521,3.0,78.0,11181900.0,1.0
2019-12-06 09:53:52,35632.92867126,1.0,44.0,11207300.0,-1.0
2019-12-06 09:53:53,35633.930135944,1.0,44.0,11184400.0,1.0
2019-12-06 09:53:54,35634.931539599,1.0,72.0,11182900.0,1.0
2019-12-06 09:53:55,35635.447147533,1.0,100.0,11180000.0,1.0
2019-12-06 09:53:56,35636.934158706004,1.0,21.0,11207000.0,-1.0
2019-12-06 09:53:57,35637.87670948,1.0,90.0,11182100.0,1.0
2019-12-06 09:53:58,35638.540856695,3.0,2.0,11187200.0,1.0
2019-12-06 09:53:59,,,,,
2019-12-06 09:54:00,35640.987418698,1.0,25.0,11220900.0,-1.0
2019-12-06 09:54:01,,,,,
2019-12-06 09:54:02,,,,,
2019-12-06 09:54:03,35643.522266846,1.0,60.0,11183400.0,1.0
2019-12-06 09:54:04,35644.470569722005,1.0,25.0,11185500.0,1.0
2019-12-06 09:54:05,35645.846201932996,1.0,36.0,11206800.0,-1.0
2019-12-06 09:54:06,35646.747447347,1.0,30.0,11206700.0,-1.0
2019-12-06 09:54:07,35647.733046873,1.0,25.0,11186300.0,1.0
2019-12-06 09:54:08,35648.249482545,1.0,20.0,11206700.0,-1.0
2019-12-06 09:54:09,35649.976886012,1.0,100.0,11220600.0,-1.0
2019-12-06 09:54:10,,,,,
2019-12-06 09:54:11,35651.654029563,1.0,21.0,11206400.0,-1.0
2019-12-06 09:54:12,35652.951672866,1.0,25.0,11220400.0,-1.0
2019-12-06 09:54:13,35653.951342481,1.0,100.0,11200200.0,-1.0
2019-12-06 09:54:14,35654.900693888,1.0,25.0,11187200.0,1.0
2019-12-06 09:54:15,,,,,
2019-12-06 09:54:16,35656.888811901,1.0,100.0,11200800.0,-1.0
2019-12-06 09:54:17,35657.87426147,1.0,100.0,11202600.0,-1.0
2019-12-06 09:54:18,35658.968523804,1.0,1.0,11188700.0,1.0
2019-12-06 09:54:19,35659.966385571,1.0,28.0,11187300.0,1.0
2019-12-06 09:54:20,35660.967921764,1.0,32.0,11187200.0,1.0
2019-12-06 09:54:21,35661.953391084,3.0,90.0,11185700.0,1.0
2019-12-06 09:54:22,35662.777399233,1.0,1.0,11205000.0,-1.0
2019-12-06 09:54:23,35663.271096813,1.0,1.0,11205100.0,-1.0
2019-12-06 09:54:24,35664.973397258,1.0,54.0,11187400.0,1.0
2019-12-06 09:54:25,35665.891863319,1.0,10.0,11200000.0,-1.0
2019-12-06 09:54:26,35666.273395072,3.0,100.0,11220000.0,-1.0
2019-12-06 09:54:27,35667.3942113,1.0,100.0,11200600.0,-1.0
2019-12-06 09:54:28,35668.678057744,1.0,25.0,11206100.0,-1.0
2019-12-06 09:54:29,35669.779556272,1.0,51.0,11206400.0,-1.0
2019-12-06 09:54:30,35670.900202874,1.0,25.0,11189600.0,1.0
2019-12-06 09:54:31,35671.982665115,1.0,33.0,11208400.0,-1.0
2019-12-06 09:54:32,35672.983964575,1.0,37.0,11206300.0,-1.0
2019-12-06 09:54:33,35673.924703429,1.0,100.0,11203200.0,-1.0
2019-12-06 09:54:34,35674.98673402,1.0,21.0,11188800.0,1.0
2019-12-06 09:54:35,35675.587649245,1.0,22.0,11206400.0,-1.0
2019-12-06 09:54:36,35676.889506406,1.0,21.0,11187400.0,1.0
2019-12-06 09:54:37,35677.952432614,5.0,40.0,11194400.0,1.0
2019-12-06 09:54:38,35678.892464031,1.0,28.0,11187700.0,1.0
2019-12-06 09:54:39,35679.999644995,1.0,100.0,11206200.0,-1.0
2019-12-06 09:54:40,35680.894866025,1.0,22.0,11190900.0,1.0
2019-12-06 09:54:41,35681.822644771004,1.0,100.0,11205700.0,-1.0
2019-12-06 09:54:42,35682.997834206,1.0,68.0,11206200.0,-1.0
2019-12-06 09:54:43,35683.999133727004,1.0,24.0,11189700.0,1.0
2019-12-06 09:54:44,35684.900332198,1.0,29.0,11190200.0,1.0
2019-12-06 09:54:45,35685.70141264,1.0,43.0,11188700.0,1.0
2019-12-06 09:54:46,35686.902998102996,1.0,57.0,11210000.0,-1.0
2019-12-06 09:54:47,35687.804372272,1.0,28.0,11208600.0,-1.0
2019-12-06 09:54:48,35688.605515847004,1.0,21.0,11189300.0,1.0
2019-12-06 09:54:49,35689.907257511004,1.0,21.0,11190200.0,1.0
2019-12-06 09:54:50,35690.908572937995,1.0,34.0,11189500.0,1.0
2019-12-06 09:54:51,35691.513961969,1.0,100.0,11207500.0,-1.0
2019-12-06 09:54:52,35692.85835404,1.0,100.0,11206800.0,-1.0
2019-12-06 09:54:53,,,,,
2019-12-06 09:54:54,35694.914807613,1.0,23.0,11190200.0,1.0
2019-12-06 09:54:55,35695.715867649,1.0,36.0,11190300.0,1.0
2019-12-06 09:54:56,35696.993467049,1.0,100.0,11189700.0,1.0
2019-12-06 09:54:57,35697.941965825,1.0,25.0,11193000.0,1.0
2019-12-06 09:54:58,35698.927071935,1.0,25.0,11193500.0,1.0
2019-12-06 09:54:59,35699.921894428,1.0,22.0,11211100.0,-1.0
2019-12-06 09:55:00,35700.629696624,1.0,25.0,11193800.0,1.0
2019-12-06 09:55:01,35701.990107189,1.0,100.0,11221700.0,-1.0
2019-12-06 09:55:02,35702.926051151,1.0,35.0,11190200.0,1.0
2019-12-06 09:55:03,35703.326569519,1.0,30.0,11190300.0,1.0
2019-12-06 09:55:04,35704.932933813,1.0,25.0,11194300.0,1.0
2019-12-06 09:55:05,35705.930233969,1.0,22.0,11190200.0,1.0
2019-12-06 09:55:06,35706.731119213,1.0,24.0,11211000.0,-1.0
2019-12-06 09:55:07,35707.740603433,1.0,25.0,11195000.0,1.0
2019-12-06 09:55:08,35708.433373156004,1.0,20.0,11211000.0,-1.0
2019-12-06 09:55:09,35709.71342393,5.0,5.0,11198200.0,1.0
2019-12-06 09:55:10,35710.63625331,1.0,46.0,11192900.0,1.0
2019-12-06 09:55:11,35711.604883331,1.0,100.0,11220000.0,-1.0
2019-12-06 09:55:12,35712.871809047996,1.0,3.0,11190000.0,1.0
2019-12-06 09:55:13,35713.940690243,1.0,38.0,11191600.0,1.0
2019-12-06 09:55:14,35714.607417553,1.0,25.0,11225100.0,-1.0
2019-12-06 09:55:15,35715.943430166,1.0,28.0,11192600.0,1.0
2019-12-06 09:55:16,35716.944751569,1.0,36.0,11211000.0,-1.0
2019-12-06 09:55:17,35717.946141672,1.0,24.0,11192600.0,1.0
2019-12-06 09:55:18,35718.647226985,1.0,25.0,11190700.0,1.0
2019-12-06 09:55:19,35719.94940676,1.0,25.0,11187000.0,1.0
2019-12-06 09:55:20,35720.508602011,1.0,100.0,11185300.0,1.0
2019-12-06 09:55:21,35721.551354616,1.0,31.0,11205900.0,-1.0
2019-12-06 09:55:22,35722.972123052,1.0,1.0,11190500.0,-1.0
2019-12-06 09:55:23,35723.75295929,1.0,25.0,11216000.0,-1.0
2019-12-06 09:55:24,35724.794472625,3.0,10.0,11181500.0,1.0
2019-12-06 09:55:25,35725.887699881,3.0,10.0,11181500.0,1.0
2019-12-06 09:55:26,35726.84311767,3.0,10.0,11181500.0,1.0
2019-12-06 09:55:27,35727.731437265,3.0,10.0,11181700.0,1.0
2019-12-06 09:55:28,35728.057379403,1.0,100.0,11190700.0,-1.0
2019-12-06 09:55:29,35729.578788445,3.0,10.0,11181500.0,1.0
2019-12-06 09:55:30,,,,,
2019-12-06 09:55:31,35731.953792131004,1.0,100.0,11175700.0,1.0
2019-12-06 09:55:32,35732.614020007,3.0,10.0,11181300.0,1.0
2019-12-06 09:55:33,35733.079740003996,1.0,100.0,11181700.0,1.0
2019-12-06 09:55:34,35734.896434272,3.0,15.0,11192000.0,-1.0
2019-12-06 09:55:35,35735.108891324,1.0,25.0,11180800.0,1.0
2019-12-06 09:55:36,35736.920323533996,3.0,15.0,11192200.0,-1.0
2019-12-06 09:55:37,35737.342139387,3.0,15.0,11192200.0,-1.0
2019-12-06 09:55:38,35738.914082513,1.0,200.0,11190400.0,-1.0
2019-12-06 09:55:39,35739.854827861,1.0,100.0,11198200.0,-1.0
2019-12-06 09:55:40,35740.578556126,1.0,22.0,11178500.0,1.0
2019-12-06 09:55:41,35741.997871395,3.0,25.0,11180700.0,1.0
2019-12-06 09:55:42,35742.732684972005,5.0,1.0,11184600.0,1.0
2019-12-06 09:55:43,35743.682909197,1.0,20.0,11201200.0,-1.0
2019-12-06 09:55:44,35744.784378452,1.0,20.0,11177800.0,1.0
2019-12-06 09:55:45,,,,,
2019-12-06 09:55:46,35746.967084192,1.0,25.0,11180700.0,1.0
2019-12-06 09:55:47,35747.888520357,1.0,59.0,11177900.0,1.0
2019-12-06 09:55:48,35748.789852408,1.0,24.0,11177900.0,1.0
2019-12-06 09:55:49,35749.766746332,1.0,25.0,11180800.0,1.0
2019-12-06 09:55:50,35750.892716895,1.0,22.0,11178700.0,1.0
2019-12-06 09:55:51,35751.940519717005,1.0,25.0,11180800.0,1.0
2019-12-06 09:55:52,35752.121074542,3.0,15.0,11192000.0,-1.0
2019-12-06 09:55:53,35753.964872209,1.0,200.0,11190300.0,-1.0
2019-12-06 09:55:54,35754.998443519,1.0,27.0,11200600.0,-1.0
2019-12-06 09:55:55,35755.398950898,1.0,25.0,11200700.0,-1.0
2019-12-06 09:55:56,35756.877576473,1.0,25.0,11180800.0,1.0
2019-12-06 09:55:57,35757.401628202,1.0,20.0,11178700.0,1.0
2019-12-06 09:55:58,,,,,
2019-12-06 09:55:59,35759.103950542994,1.0,22.0,11200600.0,-1.0
2019-12-06 09:56:00,35760.434041631,1.0,25.0,11180800.0,1.0
2019-12-06 09:56:01,35761.685202964,3.0,26.0,11201000.0,-1.0
2019-12-06 09:56:02,35762.872325174,1.0,100.0,11198200.0,-1.0
2019-12-06 09:56:03,35763.946144191,3.0,4.0,11210000.0,-1.0
2019-12-06 09:56:04,35764.971249133,1.0,1.0,11199800.0,-1.0
2019-12-06 09:56:05,35765.932119009,1.0,1.0,11201800.0,-1.0
2019-12-06 09:56:06,35766.804487906,1.0,100.0,11180700.0,1.0
2019-12-06 09:56:07,,,,,
2019-12-06 09:56:08,35768.22322855,3.0,100.0,11180700.0,1.0
2019-12-06 09:56:09,35769.951234522,1.0,25.0,11184800.0,1.0
2019-12-06 09:56:10,,,,,
2019-12-06 09:56:11,35771.336015107,1.0,100.0,11209800.0,-1.0
2019-12-06 09:56:12,,,,,
2019-12-06 09:56:13,35773.92584439,1.0,21.0,11179100.0,1.0
2019-12-06 09:56:14,35774.738334192,1.0,25.0,11181700.0,1.0
2019-12-06 09:56:15,,,,,
2019-12-06 09:56:16,35776.529419536004,1.0,23.0,11180300.0,1.0
2019-12-06 09:56:17,35777.99076241,1.0,1.0,11201000.0,-1.0
2019-12-06 09:56:18,35778.732302465,1.0,100.0,11209800.0,-1.0
2019-12-06 09:56:19,35779.03287948,1.0,20.0,11208900.0,-1.0
2019-12-06 09:56:20,35780.492942564,1.0,100.0,11209100.0,-1.0
2019-12-06 09:56:21,35781.23577305,1.0,20.0,11183900.0,1.0
2019-12-06 09:56:22,35782.091545357995,3.0,50.0,11199300.0,-1.0
2019-12-06 09:56:23,35783.08094971,3.0,100.0,11188000.0,1.0
2019-12-06 09:56:24,,,,,
2019-12-06 09:56:25,,,,,
2019-12-06 09:56:26,35786.843150454,1.0,29.0,11183700.0,1.0
2019-12-06 09:56:27,35787.443880959,1.0,26.0,11208600.0,-1.0
2019-12-06 09:56:28,35788.745759387995,1.0,20.0,11183400.0,1.0
2019-12-06 09:56:29,35789.70957682,1.0,100.0,11209400.0,-1.0
2019-12-06 09:56:30,35790.948717882995,1.0,45.0,11205500.0,-1.0
2019-12-06 09:56:31,35791.950114715,1.0,21.0,11205500.0,-1.0
2019-12-06 09:56:32,35792.971928516,1.0,23.0,11209400.0,-1.0
2019-12-06 09:56:33,35793.95306339,1.0,32.0,11183800.0,1.0
2019-12-06 09:56:34,35794.824171269,1.0,100.0,11209100.0,-1.0
2019-12-06 09:56:35,35795.877613235,1.0,1.0,11185400.0,1.0
2019-12-06 09:56:36,35796.957427773,1.0,23.0,11206100.0,-1.0
2019-12-06 09:56:37,35797.932191925,1.0,1.0,11208500.0,-1.0
2019-12-06 09:56:38,35798.659694576,1.0,31.0,11208600.0,-1.0
2019-12-06 09:56:39,35799.18494228,1.0,25.0,11208600.0,-1.0
2019-12-06 09:56:40,35800.862562324,1.0,23.0,11208600.0,-1.0
2019-12-06 09:56:41,35801.964042476,1.0,77.0,11185600.0,1.0
2019-12-06 09:56:42,35802.965432141,1.0,21.0,11208500.0,-1.0
2019-12-06 09:56:43,35803.966753581,1.0,45.0,11208700.0,-1.0
2019-12-06 09:56:44,35804.066887958,1.0,22.0,11208700.0,-1.0
2019-12-06 09:56:45,35805.969322415,1.0,71.0,11208700.0,-1.0
2019-12-06 09:56:46,35806.970614567996,1.0,67.0,11184900.0,1.0
2019-12-06 09:56:47,35807.894848338,1.0,25.0,11189100.0,1.0
2019-12-06 09:56:48,35808.99496779,1.0,100.0,11199500.0,-1.0
2019-12-06 09:56:49,35809.527196611,1.0,25.0,11189400.0,1.0
2019-12-06 09:56:50,35810.99982551,1.0,25.0,11219400.0,-1.0
2019-12-06 09:56:51,35811.77646964,3.0,27.0,11183800.0,1.0
2019-12-06 09:56:52,35812.27752666,1.0,21.0,11205000.0,-1.0
2019-12-06 09:56:53,,,,,
2019-12-06 09:56:54,35814.681507891,1.0,34.0,11183900.0,1.0
2019-12-06 09:56:55,35815.883103596,1.0,30.0,11204700.0,-1.0
2019-12-06 09:56:56,35816.183608394,1.0,21.0,11204700.0,-1.0
2019-12-06 09:56:57,35817.985828751,1.0,25.0,11183800.0,1.0
2019-12-06 09:56:58,35818.185358692004,1.0,22.0,11183700.0,1.0
2019-12-06 09:56:59,35819.867174565,1.0,100.0,11198900.0,-1.0
2019-12-06 09:57:00,35820.989743544,1.0,31.0,11185000.0,1.0
2019-12-06 09:57:01,35821.490432658,1.0,28.0,11184700.0,1.0
2019-12-06 09:57:02,35822.491924572,1.0,21.0,11204500.0,-1.0
2019-12-06 09:57:03,35823.393113082006,1.0,21.0,11184800.0,1.0
2019-12-06 09:57:04,35824.449848271004,1.0,25.0,11187400.0,1.0
2019-12-06 09:57:05,35825.495969008996,1.0,22.0,11204200.0,-1.0
2019-12-06 09:57:06,35826.897830206,1.0,29.0,11205000.0,-1.0
2019-12-06 09:57:07,35827.999353734,1.0,20.0,11204500.0,-1.0
2019-12-06 09:57:08,35828.900622593,1.0,58.0,11203900.0,-1.0
2019-12-06 09:57:09,35829.416183452995,1.0,100.0,11196900.0,-1.0
2019-12-06 09:57:10,35830.903263534,1.0,29.0,11203800.0,-1.0
2019-12-06 09:57:11,35831.739692944,1.0,100.0,11197800.0,-1.0
2019-12-06 09:57:12,35832.906324655,1.0,35.0,11201100.0,-1.0
2019-12-06 09:57:13,35833.978976508,1.0,5.0,11186100.0,1.0
2019-12-06 09:57:14,35834.709144222004,1.0,21.0,11200000.0,-1.0
2019-12-06 09:57:15,,,,,
2019-12-06 09:57:16,35836.91227395,1.0,26.0,11203800.0,-1.0
2019-12-06 09:57:17,35837.953198703995,1.0,1.0,11179400.0,1.0
2019-12-06 09:57:18,35838.614603435,1.0,51.0,11201200.0,-1.0
2019-12-06 09:57:19,35839.916387323996,1.0,59.0,11202800.0,-1.0
2019-12-06 09:57:20,35840.917842718,1.0,56.0,11201800.0,-1.0
2019-12-06 09:57:21,35841.919299222005,1.0,62.0,11203800.0,-1.0
2019-12-06 09:57:22,35842.520036537004,1.0,29.0,11202800.0,-1.0
2019-12-06 09:57:23,35843.721573904,1.0,20.0,11202900.0,-1.0
2019-12-06 09:57:24,35844.587991597,1.0,100.0,11197700.0,-1.0
2019-12-06 09:57:25,35845.548022612995,1.0,1.0,11192200.0,-1.0
2019-12-06 09:57:26,35846.745170225,1.0,100.0,11183700.0,1.0
2019-12-06 09:57:27,35847.929980699,1.0,100.0,11200800.0,-1.0
2019-12-06 09:57:28,35848.410897804,1.0,100.0,11184300.0,1.0
2019-12-06 09:57:29,35849.800252964,1.0,25.0,11180100.0,1.0
2019-12-06 09:57:30,35850.996884454,1.0,50.0,11197300.0,-1.0
2019-12-06 09:57:31,35851.808673491,1.0,25.0,11190000.0,1.0
2019-12-06 09:57:32,35852.944413744,1.0,100.0,11190000.0,1.0
2019-12-06 09:57:33,35853.936165072,1.0,29.0,11183600.0,1.0
2019-12-06 09:57:34,35854.837493312,1.0,20.0,11183800.0,1.0
2019-12-06 09:57:35,35855.984093991,1.0,1.0,11198900.0,-1.0
2019-12-06 09:57:36,35856.940693887,1.0,53.0,11206400.0,-1.0
2019-12-06 09:57:37,35857.941615753996,1.0,20.0,11182500.0,1.0
2019-12-06 09:57:38,35858.943738231,1.0,100.0,11200300.0,-1.0
2019-12-06 09:57:39,35859.143160841,1.0,21.0,11200900.0,-1.0
2019-12-06 09:57:40,35860.64499277,1.0,39.0,11183400.0,1.0
2019-12-06 09:57:41,35861.739596948,3.0,100.0,11185800.0,1.0
2019-12-06 09:57:42,35862.904598607995,1.0,1.0,11199900.0,-1.0
2019-12-06 09:57:43,35863.949515982,1.0,22.0,11204700.0,-1.0
2019-12-06 09:57:44,,,,,
2019-12-06 09:57:45,35865.055778773,1.0,100.0,11204000.0,-1.0
2019-12-06 09:57:46,35866.753317938,1.0,43.0,11204600.0,-1.0
2019-12-06 09:57:47,35867.185726108,1.0,24.0,11204500.0,-1.0
2019-12-06 09:57:48,,,,,
2019-12-06 09:57:49,35869.446506951004,3.0,100.0,11195200.0,-1.0
2019-12-06 09:57:50,,,,,
2019-12-06 09:57:51,,,,,
2019-12-06 09:57:52,35872.693779829,1.0,100.0,11195200.0,-1.0
2019-12-06 09:57:53,35873.445093083996,3.0,20.0,11189800.0,1.0
2019-12-06 09:57:54,35874.964605618996,1.0,70.0,11183200.0,1.0
2019-12-06 09:57:55,35875.565501552,1.0,21.0,11204900.0,-1.0
2019-12-06 09:57:56,35876.819614597,1.0,25.0,11186100.0,1.0
2019-12-06 09:57:57,35877.375003852,1.0,100.0,11199500.0,-1.0
2019-12-06 09:57:58,35878.513233841004,1.0,100.0,11195200.0,-1.0
2019-12-06 09:57:59,35879.986888486004,1.0,100.0,11200300.0,-1.0
2019-12-06 09:58:00,35880.57254528,1.0,30.0,11204600.0,-1.0
2019-12-06 09:58:01,35881.812569678,1.0,100.0,11183800.0,1.0
2019-12-06 09:58:02,35882.999861375,1.0,15.0,11191500.0,-1.0
2019-12-06 09:58:03,35883.977765543,1.0,44.0,11199100.0,-1.0
2019-12-06 09:58:04,35884.879064026,1.0,22.0,11177500.0,1.0
2019-12-06 09:58:05,35885.980570671,1.0,25.0,11201100.0,-1.0
2019-12-06 09:58:06,35886.783385661,1.0,84.0,11180700.0,1.0
2019-12-06 09:58:07,35887.88320807,1.0,34.0,11198900.0,-1.0
2019-12-06 09:58:08,35888.584181102,1.0,33.0,11204100.0,-1.0
2019-12-06 09:58:09,35889.986087337995,1.0,21.0,11204200.0,-1.0
2019-12-06 09:58:10,,,,,
2019-12-06 09:58:11,35891.908427366,1.0,28.0,11208300.0,-1.0
2019-12-06 09:58:12,35892.889950302,1.0,48.0,11178700.0,1.0
2019-12-06 09:58:13,35893.897442768,1.0,100.0,11208900.0,-1.0
