,time,type,size,price,direction
2019-12-10 09:30:00.001513000,34200.00151333,4,1,11165500,1
2019-12-10 09:30:00.006005000,34200.006004669,4,1,11165500,1
2019-12-10 09:30:00.028326000,34200.028326048,4,27,11165500,1
2019-12-10 09:30:00.028326000,34200.028326048,4,4,11165500,1
2019-12-10 09:30:00.028977000,34200.028976784,4,26,11165500,1
2019-12-10 09:30:00.077417000,34200.077416759,4,34,11165500,1
2019-12-10 09:30:00.164388000,34200.164387622004,4,36,11165500,1
2019-12-10 09:30:00.164388000,34200.164387622004,4,34,11165500,1
2019-12-10 09:30:00.171283000,34200.171283238,4,1,11165500,1
2019-12-10 09:30:00.176522000,34200.17652241,4,65,11165500,1
2019-12-10 09:30:00.176522000,34200.17652241,5,1,11165500,1
2019-12-10 09:30:00.182420000,34200.182420342004,4,66,11165500,1
2019-12-10 09:30:00.219161000,34200.219160934,4,34,11165500,1
2019-12-10 09:30:00.219161000,34200.219160934,4,66,11165500,1
2019-12-10 09:30:00.220949000,34200.220949203,4,22,11165500,1
2019-12-10 09:30:00.220949000,34200.220949203,5,8,11165500,1
2019-12-10 09:30:00.227854000,34200.227853879,5,59,11165500,1
2019-12-10 09:30:00.239073000,34200.239072774,5,38,11165500,1
2019-12-10 09:30:00.315243000,34200.315243471,5,44,11165500,1
2019-12-10 09:30:00.319912000,34200.319911627004,5,98,11165500,1
2019-12-10 09:30:00.322703000,34200.322703244,5,5,11165500,1
2019-12-10 09:30:00.336306000,34200.336305572004,4,2,11158600,1
2019-12-10 09:30:00.336638000,34200.336638176,4,3,11158600,1
2019-12-10 09:30:00.336638000,34200.336638176,5,23,11149200,1
2019-12-10 09:30:00.336638000,34200.336638176,4,66,11144200,1
2019-12-10 09:30:00.336938000,34200.336937811,4,26,11139500,-1
2019-12-10 09:30:00.624357000,34200.624356551,4,15,11150700,1
2019-12-10 09:30:00.901256000,34200.901256102,4,14,11150700,1
2019-12-10 09:30:00.901741000,34200.901741096,4,3,11150700,1
2019-12-10 09:30:00.901807000,34200.901807493,4,6,11150700,1
2019-12-10 09:30:00.901875000,34200.901875276,4,3,11150700,1
2019-12-10 09:30:00.901939000,34200.901938628,4,12,11150700,1
2019-12-10 09:30:01.142328000,34201.142328288,5,1,11150800,1
2019-12-10 09:30:01.148168000,34201.148168328,5,1,11150800,1
2019-12-10 09:30:01.154663000,34201.154663137,5,5,11150800,1
2019-12-10 09:30:01.155905000,34201.155905312,5,1,11150800,1
2019-12-10 09:30:01.157848000,34201.157848336,5,2,11150800,1
2019-12-10 09:30:01.162133000,34201.162132926,5,1,11150800,1
2019-12-10 09:30:01.381534000,34201.381534055,5,5,11163800,1
2019-12-10 09:30:01.575437000,34201.575436959,4,23,11150700,1
2019-12-10 09:30:01.575571000,34201.575571208,4,24,11150700,1
2019-12-10 09:30:01.575676000,34201.575676211,4,100,11150700,-1
2019-12-10 09:30:01.576188000,34201.576188045,4,21,11150700,-1
2019-12-10 09:30:01.576188000,34201.576188045,4,19,11150700,-1
2019-12-10 09:30:01.576188000,34201.576188045,4,22,11150700,-1
2019-12-10 09:30:01.576497000,34201.576497498,4,1,11150000,1
2019-12-10 09:30:01.576497000,34201.576497498,4,20,11150000,1
2019-12-10 09:30:01.576497000,34201.576497498,4,5,11150000,1
2019-12-10 09:30:01.576497000,34201.576497498,4,1,11150000,1
2019-12-10 09:30:01.576497000,34201.576497498,4,1,11150000,1
2019-12-10 09:30:01.576497000,34201.576497498,4,2,11150000,1
2019-12-10 09:30:01.576497000,34201.576497498,4,2,11150000,1
2019-12-10 09:30:01.576497000,34201.576497498,4,10,11150000,1
2019-12-10 09:30:01.576497000,34201.576497498,4,1,11150000,1
2019-12-10 09:30:01.576497000,34201.576497498,4,11,11150000,1
2019-12-10 09:30:01.576497000,34201.576497498,4,1,11150000,1
2019-12-10 09:30:01.576497000,34201.576497498,4,162,11150000,1
2019-12-10 09:30:01.576898000,34201.576897957,4,2,11150000,1
2019-12-10 09:30:01.576928000,34201.576928448,5,77,11150100,1
2019-12-10 09:30:01.576928000,34201.576928448,4,615,11150000,1
2019-12-10 09:30:01.576976000,34201.576976122,4,1,11150000,1
2019-12-10 09:30:01.577905000,34201.577904608996,4,40,11150000,1
2019-12-10 09:30:01.600402000,34201.600401835,4,4,11150700,-1
2019-12-10 09:30:01.600559000,34201.600559389,4,16,11150700,-1
2019-12-10 09:30:01.600559000,34201.600559389,5,9,11156100,1
2019-12-10 09:30:01.646889000,34201.64688868,4,3,11150100,1
2019-12-10 09:30:01.657922000,34201.657921861,4,180,11150000,1
2019-12-10 09:30:01.657922000,34201.657921861,4,8,11150000,1
2019-12-10 09:30:01.657922000,34201.657921861,4,35,11150000,1
2019-12-10 09:30:01.657922000,34201.657921861,4,20,11150000,1
2019-12-10 09:30:01.688488000,34201.688487831,4,100,11149600,1
2019-12-10 09:30:01.732229000,34201.732228516004,4,1,11144700,1
2019-12-10 09:30:01.732229000,34201.732228516004,5,8,11142400,1
2019-12-10 09:30:01.769908000,34201.769908153,5,2,11151600,1
2019-12-10 09:30:01.770034000,34201.770034344,4,1,11150200,1
2019-12-10 09:30:01.770034000,34201.770034344,5,3,11142400,1
2019-12-10 09:30:01.770081000,34201.770081015,5,9,11142400,1
2019-12-10 09:30:01.770084000,34201.770083839,5,10,11142400,1
2019-12-10 09:30:01.770308000,34201.770308047,5,1,11153200,1
2019-12-10 09:30:02.018879000,34202.018879187,5,100,11149000,1
2019-12-10 09:30:02.458037000,34202.45803709,5,100,11145250,1
2019-12-10 09:30:02.651137000,34202.651136577,4,3,11140000,1
2019-12-10 09:30:03.116384000,34203.116384425,5,9,11144300,1
2019-12-10 09:30:04.053912000,34204.053912105,5,14,11142700,1
2019-12-10 09:30:05.139677000,34205.139676763996,5,24,11144400,1
2019-12-10 09:30:05.375313000,34205.375313268996,5,10,11145250,1
2019-12-10 09:30:05.376085000,34205.37608531,5,11,11145250,1
2019-12-10 09:30:05.376176000,34205.376175644,4,24,11144800,-1
2019-12-10 09:30:06.871879000,34206.871878694,5,100,11145050,1
2019-12-10 09:30:06.896672000,34206.896672421004,5,25,11141600,1
2019-12-10 09:30:06.919539000,34206.919538597,4,97,11140000,1
2019-12-10 09:30:06.919539000,34206.919538597,4,3,11140000,1
2019-12-10 09:30:06.920028000,34206.920027852,4,67,11140000,1
2019-12-10 09:30:06.920028000,34206.920027852,4,5,11140000,1
2019-12-10 09:30:06.920028000,34206.920027852,4,13,11140000,1
2019-12-10 09:30:06.920123000,34206.920123487995,4,100,11139700,1
2019-12-10 09:30:06.920234000,34206.920234306,4,100,11139600,1
2019-12-10 09:30:06.922013000,34206.922012683,5,2,11139400,1
2019-12-10 09:30:06.930513000,34206.930513122,4,1,11138300,-1
2019-12-10 09:30:06.930539000,34206.930538973,4,1,11138300,-1
2019-12-10 09:30:06.951476000,34206.951476247996,4,19,11133500,-1
2019-12-10 09:30:06.951476000,34206.951476247996,5,10,11139000,1
2019-12-10 09:30:07.438103000,34207.438103181004,5,2,11134500,1
2019-12-10 09:30:07.449435000,34207.449434752,5,3,11133100,1
2019-12-10 09:30:09.374661000,34209.374660823,5,35,11135600,1
2019-12-10 09:30:10.552959000,34210.552959431,4,1,11133000,1
2019-12-10 09:30:10.880074000,34210.880073937005,4,2,11133000,1
2019-12-10 09:30:10.885123000,34210.885123187996,4,1,11130000,1
2019-12-10 09:30:10.885123000,34210.885123187996,4,8,11130000,1
2019-12-10 09:30:10.885123000,34210.885123187996,4,3,11130000,1
2019-12-10 09:30:10.885123000,34210.885123187996,4,5,11130000,1
2019-12-10 09:30:10.885123000,34210.885123187996,4,6,11130000,1
2019-12-10 09:30:10.887699000,34210.887698607,5,4,11128200,1
2019-12-10 09:30:10.887699000,34210.887698607,4,1,11128300,-1
2019-12-10 09:30:10.887716000,34210.887716482,4,1,11128300,-1
2019-12-10 09:30:10.898269000,34210.898268865,5,6,11123200,1
2019-12-10 09:30:10.944400000,34210.944400493,5,21,11123200,1
2019-12-10 09:30:10.994507000,34210.994506614,5,100,11126600,1
2019-12-10 09:30:11.047498000,34211.047498358,5,3,11121600,1
2019-12-10 09:30:11.299777000,34211.299777357,5,14,11121600,1
2019-12-10 09:30:11.339403000,34211.339402545,5,100,11126600,1
2019-12-10 09:30:11.339403000,34211.339402545,5,100,11127700,1
2019-12-10 09:30:11.951484000,34211.951483937,5,100,11128200,1
2019-12-10 09:30:11.951519000,34211.951518564,5,12,11128200,1
2019-12-10 09:30:11.951519000,34211.951518564,5,8,11128200,1
2019-12-10 09:30:11.951522000,34211.951521759,5,92,11128200,1
2019-12-10 09:30:11.951522000,34211.951521759,4,2,11128300,-1
2019-12-10 09:30:11.951538000,34211.951537563,4,48,11128300,-1
2019-12-10 09:30:11.951538000,34211.951537563,4,50,11128300,-1
2019-12-10 09:30:11.951538000,34211.951537563,4,2,11128300,-1
2019-12-10 09:30:11.951551000,34211.951550592,4,48,11128300,-1
2019-12-10 09:30:11.951551000,34211.951550592,4,100,11128300,-1
2019-12-10 09:30:11.951551000,34211.951550592,4,20,11128300,-1
2019-12-10 09:30:11.951551000,34211.951550592,4,100,11128300,-1
2019-12-10 09:30:11.951551000,34211.951550592,4,100,11128300,-1
2019-12-10 09:30:11.951551000,34211.951550592,4,5,11128300,-1
2019-12-10 09:30:11.951608000,34211.951607667004,4,5,11129600,-1
2019-12-10 09:30:11.951611000,34211.951610747004,4,15,11129900,-1
2019-12-10 09:30:11.951634000,34211.951633659,4,10,11129900,-1
2019-12-10 09:30:11.951634000,34211.951633659,4,25,11130000,-1
2019-12-10 09:30:11.952289000,34211.952289252,4,1,11132600,-1
2019-12-10 09:30:11.952289000,34211.952289252,4,28,11132800,-1
2019-12-10 09:30:11.971065000,34211.971064861,4,1,11137100,-1
2019-12-10 09:30:11.971104000,34211.971104102005,4,30,11137200,-1
2019-12-10 09:30:11.971137000,34211.971137141,4,30,11137200,1
2019-12-10 09:30:11.971137000,34211.971137141,4,70,11137100,1
2019-12-10 09:30:11.972310000,34211.972310431,4,30,11137100,1
2019-12-10 09:30:11.993248000,34211.99324791,4,1,11139900,1
2019-12-10 09:30:11.993248000,34211.99324791,4,1,11139900,1
2019-12-10 09:30:12.037630000,34212.037629793,5,1,11142000,1
2019-12-10 09:30:13.047773000,34213.047772927,4,1,11136300,-1
2019-12-10 09:30:13.047837000,34213.047837322,4,28,11139400,-1
2019-12-10 09:30:13.051837000,34213.0518366,4,1,11132800,-1
2019-12-10 09:30:13.052313000,34213.052313439,4,1,11132700,-1
2019-12-10 09:30:13.111547000,34213.111546538996,4,1,11139100,-1
2019-12-10 09:30:13.117380000,34213.117379609,5,1,11131900,1
2019-12-10 09:30:14.161278000,34214.161278233,5,27,11140100,1
2019-12-10 09:30:14.161344000,34214.161343638,5,50,11140100,1
2019-12-10 09:30:14.179978000,34214.179977706,5,1,11143400,1
2019-12-10 09:30:15.409325000,34215.40932518,5,100,11133100,1
2019-12-10 09:30:21.219221000,34221.219220924,5,1,11140800,1
2019-12-10 09:30:26.684412000,34226.684412057,5,9,11128900,1
2019-12-10 09:30:26.684412000,34226.684412057,4,1,11128500,1
2019-12-10 09:30:26.684516000,34226.684515807,4,50,11129700,-1
2019-12-10 09:30:26.684557000,34226.684557406,4,15,11130800,-1
2019-12-10 09:30:26.684600000,34226.684600488,4,1,11132100,-1
2019-12-10 09:30:26.691925000,34226.691924981,5,6,11128900,1
2019-12-10 09:30:26.692922000,34226.692922354,5,3,11128900,1
2019-12-10 09:30:26.692922000,34226.692922354,4,3,11128500,1
2019-12-10 09:30:26.695468000,34226.695468499,5,9,11128900,1
2019-12-10 09:30:26.695468000,34226.695468499,4,2,11128500,1
2019-12-10 09:30:26.696749000,34226.69674879,4,100,11129600,-1
2019-12-10 09:30:26.697113000,34226.69711317,5,5,11128900,1
2019-12-10 09:30:26.913670000,34226.913670233,5,4,11128900,1
2019-12-10 09:30:26.913670000,34226.913670233,4,45,11128500,1
2019-12-10 09:30:39.240601000,34239.240601001,4,7,11125400,1
2019-12-10 09:30:39.240601000,34239.240601001,5,20,11125400,1
2019-12-10 09:30:39.240601000,34239.240601001,5,62,11124600,1
2019-12-10 09:30:39.242269000,34239.242269367,4,8,11123200,1
2019-12-10 09:30:39.242269000,34239.242269367,5,3,11123200,1
2019-12-10 09:30:39.656842000,34239.656841922,5,87,11130600,1
2019-12-10 09:30:42.375921000,34242.375920558996,5,100,11138200,1
2019-12-10 09:30:42.803210000,34242.803209734,4,25,11138500,-1
2019-12-10 09:30:42.803210000,34242.803209734,4,25,11138500,-1
2019-12-10 09:30:42.803210000,34242.803209734,5,50,11138500,1
2019-12-10 09:30:42.803241000,34242.803240787995,5,50,11138500,1
2019-12-10 09:30:42.803281000,34242.803281105,4,46,11138500,1
2019-12-10 09:30:42.803287000,34242.803286614,4,54,11138500,1
2019-12-10 09:30:44.843833000,34244.843832697996,5,100,11135900,1
2019-12-10 09:30:44.844753000,34244.844753427,5,100,11137000,1
2019-12-10 09:30:44.977990000,34244.977989727005,5,100,11125700,1
2019-12-10 09:30:45.358552000,34245.358551579,4,29,11135200,-1
2019-12-10 09:30:45.358552000,34245.358551579,5,43,11135400,1
2019-12-10 09:30:45.358902000,34245.358902047,4,1,11135500,-1
2019-12-10 09:30:45.605553000,34245.605553418,4,1,11130600,-1
2019-12-10 09:30:57.213800000,34257.213800371,4,6,11130800,1
2019-12-10 09:30:59.010188000,34259.010187622,4,1,11130800,-1
2019-12-10 09:30:59.011266000,34259.011265842004,4,18,11130700,-1
2019-12-10 09:30:59.011299000,34259.011298631,4,81,11130700,-1
2019-12-10 09:30:59.011329000,34259.011328707995,5,81,11130600,1
2019-12-10 09:30:59.011340000,34259.011339797005,5,7,11130600,1
2019-12-10 09:30:59.997620000,34259.997619986,5,9,11131200,1
2019-12-10 09:31:00.554009000,34260.554009435,4,25,11138400,-1
2019-12-10 09:31:00.554009000,34260.554009435,4,25,11138400,-1
2019-12-10 09:31:00.554499000,34260.554499016,4,50,11138500,-1
2019-12-10 09:31:00.554509000,34260.554509322996,4,50,11138500,-1
2019-12-10 09:31:00.554931000,34260.554931052,4,50,11138500,-1
2019-12-10 09:31:00.619754000,34260.61975443,4,20,11138500,-1
2019-12-10 09:31:00.619785000,34260.619785136,4,25,11138500,-1
2019-12-10 09:31:00.620119000,34260.620119032996,4,5,11138500,-1
2019-12-10 09:31:00.620119000,34260.620119032996,4,89,11138500,-1
2019-12-10 09:31:00.620119000,34260.620119032996,4,25,11138500,-1
2019-12-10 09:31:00.620119000,34260.620119032996,4,25,11138500,-1
2019-12-10 09:31:00.620488000,34260.620487557004,4,100,11138900,-1
2019-12-10 09:31:00.622000000,34260.622000334,4,100,11138900,1
2019-12-10 09:31:00.622347000,34260.622347232995,5,1,11137400,1
2019-12-10 09:31:00.624691000,34260.62469069,4,1,11139600,-1
2019-12-10 09:31:00.624730000,34260.624730269,4,24,11140900,-1
2019-12-10 09:31:00.719271000,34260.719270526,5,9,11139400,1
2019-12-10 09:31:08.834078000,34268.834077646,4,2,11130800,-1
2019-12-10 09:31:09.084764000,34269.08476387,4,2,11130600,1
2019-12-10 09:31:12.793154000,34272.793154366,4,11,11132200,1
2019-12-10 09:31:12.913312000,34272.913312441,5,11,11128900,1
2019-12-10 09:31:12.913312000,34272.913312441,4,7,11128500,1
2019-12-10 09:31:12.914464000,34272.914463779,4,1,11126600,1
2019-12-10 09:31:12.916761000,34272.916761097,5,42,11124300,1
2019-12-10 09:31:17.026993000,34277.026992895,4,6,11129400,1
2019-12-10 09:31:18.686852000,34278.686851923,5,72,11124400,1
2019-12-10 09:31:18.686852000,34278.686851923,5,28,11124300,1
2019-12-10 09:31:18.686887000,34278.686887393,5,72,11124300,1
2019-12-10 09:31:18.686887000,34278.686887393,4,21,11124200,1
2019-12-10 09:31:18.687266000,34278.687265962995,4,79,11124200,1
2019-12-10 09:31:19.906179000,34279.90617928,4,1,11126100,-1
2019-12-10 09:31:23.899786000,34283.899785725,4,100,11123100,1
2019-12-10 09:31:23.910578000,34283.910578051,4,10,11121000,1
2019-12-10 09:31:23.910603000,34283.910603018,4,24,11121500,-1
2019-12-10 09:31:23.912999000,34283.912999052,4,7,11121000,1
2019-12-10 09:31:23.913034000,34283.91303445,4,24,11121500,-1
2019-12-10 09:31:24.359486000,34284.359486344,4,5,11120000,1
2019-12-10 09:31:24.359486000,34284.359486344,4,95,11120000,1
2019-12-10 09:31:24.360256000,34284.360255852,4,5,11120000,1
2019-12-10 09:31:24.360256000,34284.360255852,4,12,11120000,1
2019-12-10 09:31:24.360256000,34284.360255852,4,2,11120000,1
2019-12-10 09:31:25.154798000,34285.154798487994,5,100,11121600,1
2019-12-10 09:31:27.731054000,34287.731053971,4,6,11118100,1
2019-12-10 09:31:27.731298000,34287.731298281,4,1,11115100,1
2019-12-10 09:31:27.731319000,34287.731318832004,5,17,11114600,1
2019-12-10 09:31:27.731350000,34287.731350351,5,2,11114600,1
2019-12-10 09:31:27.731453000,34287.731453127,5,49,11114600,1
2019-12-10 09:31:27.737605000,34287.737604848,4,6,11111300,1
2019-12-10 09:31:28.454502000,34288.454502381,4,1,11116200,-1
2019-12-10 09:31:28.459901000,34288.45990124,4,100,11116200,1
2019-12-10 09:31:33.259126000,34293.259125518,5,24,11119300,1
2019-12-10 09:31:35.248286000,34295.248285944,4,25,11119900,-1
2019-12-10 09:31:35.389443000,34295.38944335,4,25,11124300,-1
2019-12-10 09:31:35.389443000,34295.38944335,4,23,11124300,-1
2019-12-10 09:31:35.389472000,34295.389472012,4,2,11124300,-1
2019-12-10 09:31:35.401716000,34295.401715666,4,25,11124300,-1
2019-12-10 09:31:35.515800000,34295.515800394,5,1,11120400,1
2019-12-10 09:31:35.516671000,34295.516670865,5,1,11120400,1
2019-12-10 09:31:35.520352999,34295.520353051004,5,1,11120400,1
2019-12-10 09:31:35.520880000,34295.520880154,5,1,11120400,1
2019-12-10 09:31:35.522288000,34295.522288157,5,1,11120400,1
2019-12-10 09:31:35.523332000,34295.523332419,5,1,11120400,1
2019-12-10 09:31:35.524225999,34295.524225997004,5,1,11120400,1
2019-12-10 09:31:35.525781000,34295.525781428,5,1,11120400,1
2019-12-10 09:31:35.526136000,34295.526136476,5,1,11120400,1
2019-12-10 09:31:35.528089999,34295.528089929,5,1,11120400,1
2019-12-10 09:31:35.530012000,34295.530012208,5,1,11120400,1
2019-12-10 09:31:35.532080000,34295.532080475,5,1,11120400,1
2019-12-10 09:31:35.534161000,34295.534160823,5,1,11120400,1
2019-12-10 09:31:35.536064000,34295.536063508,5,1,11120400,1
2019-12-10 09:31:35.537979000,34295.537978931,5,1,11120400,1
2019-12-10 09:31:35.539904000,34295.539903684,5,1,11120400,1
2019-12-10 09:31:35.541820000,34295.541820499995,5,1,11120400,1
2019-12-10 09:31:35.543716000,34295.543716322005,5,1,11120400,1
2019-12-10 09:31:35.545617000,34295.545617402,4,1,11120000,1
2019-12-10 09:31:35.857917000,34295.857916585,5,6,11115600,1
2019-12-10 09:31:44.046575000,34304.046575266,5,100,11116100,1
2019-12-10 09:31:44.046606000,34304.046605763,4,1,11116000,1
2019-12-10 09:31:44.046674000,34304.046674351004,4,1,11116500,-1
2019-12-10 09:31:44.055940000,34304.055939717,5,7,11112800,1
2019-12-10 09:31:44.056838000,34304.056837756,5,7,11112800,1
2019-12-10 09:31:44.814035000,34304.814034701,5,40,11115300,1
2019-12-10 09:31:44.816169000,34304.816168957004,5,95,11113100,1
2019-12-10 09:31:45.160190000,34305.160189976,4,2,11111100,1
2019-12-10 09:31:45.160190000,34305.160189976,5,20,11110900,1
2019-12-10 09:31:45.557645000,34305.557645187,4,25,11110400,1
2019-12-10 09:31:45.559482000,34305.559481882,4,25,11110400,1
2019-12-10 09:31:46.003116000,34306.003115788,4,100,11110400,1
2019-12-10 09:31:46.003147000,34306.003147041,4,30,11110400,1
2019-12-10 09:31:46.003147000,34306.003147041,4,3,11110400,1
2019-12-10 09:31:46.003161000,34306.003161201,4,77,11110400,1
2019-12-10 09:31:46.204229000,34306.204228718,4,80,11110300,1
2019-12-10 09:31:46.282597000,34306.282597111,4,10,11110000,1
2019-12-10 09:31:46.282597000,34306.282597111,4,29,11110000,1
2019-12-10 09:31:46.282597000,34306.282597111,4,25,11110000,1
2019-12-10 09:31:46.282597000,34306.282597111,4,17,11110000,1
2019-12-10 09:31:46.282664000,34306.282663535,4,21,11110000,1
2019-12-10 09:31:46.283180000,34306.283179642,4,2,11110000,1
2019-12-10 09:31:46.283180000,34306.283179642,4,5,11110000,1
2019-12-10 09:31:46.283220000,34306.283220131,4,5,11110000,1
2019-12-10 09:31:46.283220000,34306.283220131,4,1,11110000,1
2019-12-10 09:31:46.283899000,34306.283898605,4,1,11110000,1
2019-12-10 09:31:46.284237000,34306.284237021,4,4,11110000,1
2019-12-10 09:31:46.284237000,34306.284237021,4,2,11110000,1
2019-12-10 09:31:46.284403000,34306.284402713,4,25,11109700,1
2019-12-10 09:31:46.314553000,34306.314553487995,4,1,11109600,-1
2019-12-10 09:31:46.345867000,34306.345867495,4,1,11108300,-1
2019-12-10 09:31:46.462765000,34306.462764678996,4,80,11107300,1
2019-12-10 09:31:46.463901000,34306.463900675,5,22,11103200,1
2019-12-10 09:31:54.528346000,34314.528346342006,4,11,11102600,1
2019-12-10 09:31:54.528346000,34314.528346342006,5,6,11102500,1
2019-12-10 09:31:54.529308000,34314.529307965,4,20,11101000,1
2019-12-10 09:31:54.529308000,34314.529307965,5,5,11100900,1
2019-12-10 09:31:54.966589000,34314.966589193,5,24,11100800,1
2019-12-10 09:31:54.966913000,34314.966913302,4,25,11100700,1
2019-12-10 09:31:57.024504000,34317.024503577995,5,90,11106800,1
2019-12-10 09:31:57.024504000,34317.024503577995,4,3,11106400,1
2019-12-10 09:32:04.605730000,34324.60573039,5,1,11109200,1
2019-12-10 09:32:04.803185000,34324.80318475,5,1,11109200,1
2019-12-10 09:32:05.043805000,34325.043805179,5,3,11109200,1
2019-12-10 09:32:05.043805000,34325.043805179,5,2,11109200,1
2019-12-10 09:32:05.043805000,34325.043805179,5,9,11109700,1
2019-12-10 09:32:05.043805000,34325.043805179,4,2,11109800,-1
2019-12-10 09:32:05.043805000,34325.043805179,4,25,11109800,-1
2019-12-10 09:32:05.043805000,34325.043805179,4,11,11109800,-1
2019-12-10 09:32:05.043836000,34325.043835508,4,14,11109800,-1
2019-12-10 09:32:05.043934000,34325.043934375,4,100,11110400,-1
2019-12-10 09:32:05.044457000,34325.044456999996,4,21,11111000,-1
2019-12-10 09:32:05.044510000,34325.044510469,5,20,11111600,1
2019-12-10 09:32:05.044510000,34325.044510469,4,80,11112100,-1
2019-12-10 09:32:05.044518000,34325.044518308,4,20,11112100,-1
2019-12-10 09:32:05.044518000,34325.044518308,4,80,11112100,-1
2019-12-10 09:32:05.044548000,34325.044548239,4,20,11112100,-1
2019-12-10 09:32:05.044548000,34325.044548239,5,80,11112100,1
2019-12-10 09:32:05.044552000,34325.04455163,5,20,11112100,1
2019-12-10 09:32:05.045393000,34325.045392714,4,36,11113700,-1
2019-12-10 09:32:05.046756000,34325.046756031,4,1,11116000,-1
2019-12-10 09:32:05.096018000,34325.096018391,4,1,11112200,1
2019-12-10 09:32:05.096018000,34325.096018391,4,1,11112200,1
2019-12-10 09:32:05.096052000,34325.096052327004,4,38,11111600,-1
2019-12-10 09:32:09.043707000,34329.043706657,5,100,11110000,1
2019-12-10 09:32:09.043707000,34329.043706657,5,100,11109900,1
2019-12-10 09:32:09.043707000,34329.043706657,5,100,11109800,1
2019-12-10 09:32:09.043707000,34329.043706657,5,100,11108700,1
2019-12-10 09:32:09.043707000,34329.043706657,4,1,11107600,1
2019-12-10 09:32:09.043707000,34329.043706657,4,99,11105800,1
2019-12-10 09:32:09.043707000,34329.043706657,5,17,11105800,1
2019-12-10 09:32:09.043707000,34329.043706657,4,76,11105300,1
2019-12-10 09:32:09.043707000,34329.043706657,4,35,11101400,1
2019-12-10 09:32:09.043707000,34329.043706657,5,20,11101400,1
2019-12-10 09:32:09.043707000,34329.043706657,4,1,11100800,1
2019-12-10 09:32:09.043707000,34329.043706657,4,40,11100800,1
2019-12-10 09:32:09.043707000,34329.043706657,4,75,11100700,1
2019-12-10 09:32:09.043707000,34329.043706657,4,13,11100700,1
2019-12-10 09:32:09.043707000,34329.043706657,4,100,11100600,1
2019-12-10 09:32:09.043707000,34329.043706657,4,100,11100600,1
2019-12-10 09:32:09.043707000,34329.043706657,4,100,11100600,1
2019-12-10 09:32:09.043773000,34329.04377294,4,100,11107600,-1
2019-12-10 09:32:09.044128000,34329.044127618,4,67,11107600,1
2019-12-10 09:32:09.044140000,34329.044140315,4,20,11107600,1
2019-12-10 09:32:09.044159000,34329.044159462,4,13,11107600,1
2019-12-10 09:32:09.044404000,34329.04440448,5,15,11108200,1
2019-12-10 09:32:09.044440000,34329.044439738,5,15,11105200,1
2019-12-10 09:32:09.045200000,34329.045199937005,5,1,11105200,1
2019-12-10 09:32:09.045942000,34329.045942069,5,1,11105200,1
2019-12-10 09:32:09.053844000,34329.053844014,5,50,11102600,1
2019-12-10 09:32:09.053844000,34329.053844014,4,100,11101700,1
2019-12-10 09:32:09.064144000,34329.06414416,5,50,11101900,1
2019-12-10 09:32:09.064144000,34329.06414416,5,50,11101800,1
2019-12-10 09:32:09.064205000,34329.064205013,4,90,11101700,1
2019-12-10 09:32:09.135436000,34329.135435583,4,22,11101700,-1
2019-12-10 09:32:09.144298000,34329.144298401,4,1,11100000,1
2019-12-10 09:32:09.144298000,34329.144298401,4,5,11100000,1
2019-12-10 09:32:09.144298000,34329.144298401,4,5,11100000,1
2019-12-10 09:32:09.144298000,34329.144298401,4,15,11100000,1
2019-12-10 09:32:09.144298000,34329.144298401,4,50,11100000,1
2019-12-10 09:32:09.144298000,34329.144298401,4,20,11100000,1
2019-12-10 09:32:09.144298000,34329.144298401,4,4,11100000,1
2019-12-10 09:32:09.144343000,34329.144343137,4,6,11100000,1
2019-12-10 09:32:09.144343000,34329.144343137,4,3,11100000,1
2019-12-10 09:32:09.144343000,34329.144343137,4,3,11100000,1
2019-12-10 09:32:09.144343000,34329.144343137,4,10,11100000,1
2019-12-10 09:32:09.144343000,34329.144343137,4,78,11100000,1
2019-12-10 09:32:09.654347000,34329.654346975,5,25,11100800,1
2019-12-10 09:32:10.104830000,34330.104830026,5,90,11100400,1
2019-12-10 09:32:10.104830000,34330.104830026,4,10,11100100,1
2019-12-10 09:32:10.104867000,34330.104867486,4,15,11101900,-1
2019-12-10 09:32:10.104958000,34330.104957957,4,50,11101000,1
2019-12-10 09:32:10.105023000,34330.105022655,4,100,11100100,1
2019-12-10 09:32:10.105092000,34330.105091922,4,22,11100000,1
2019-12-10 09:32:10.105092000,34330.105091922,4,10,11100000,1
2019-12-10 09:32:10.105092000,34330.105091922,4,25,11100000,1
2019-12-10 09:32:10.105092000,34330.105091922,4,1,11100000,1
2019-12-10 09:32:10.105092000,34330.105091922,4,4,11100000,1
2019-12-10 09:32:10.105092000,34330.105091922,4,38,11100000,1
2019-12-10 09:32:10.105153000,34330.105152706004,4,17,11100000,1
2019-12-10 09:32:10.105153000,34330.105152706004,4,6,11100000,1
2019-12-10 09:32:10.105153000,34330.105152706004,4,6,11100000,1
2019-12-10 09:32:10.105153000,34330.105152706004,4,10,11100000,1
2019-12-10 09:32:10.105153000,34330.105152706004,4,1,11100000,1
2019-12-10 09:32:10.105153000,34330.105152706004,4,12,11100000,1
2019-12-10 09:32:10.105153000,34330.105152706004,4,2,11100000,1
2019-12-10 09:32:10.105153000,34330.105152706004,4,1,11100000,1
2019-12-10 09:32:10.105153000,34330.105152706004,4,10,11100000,1
2019-12-10 09:32:10.105153000,34330.105152706004,4,6,11100000,1
2019-12-10 09:32:10.105153000,34330.105152706004,4,29,11100000,1
2019-12-10 09:32:10.105176000,34330.105176081,4,21,11100000,1
2019-12-10 09:32:10.105176000,34330.105176081,4,79,11100000,1
2019-12-10 09:32:10.105193000,34330.105193041,4,1,11100000,1
2019-12-10 09:32:10.105252000,34330.105251691,5,50,11100400,1
2019-12-10 09:32:10.105924000,34330.105924498,4,20,11100000,1
2019-12-10 09:32:10.105924000,34330.105924498,4,3,11100000,1
2019-12-10 09:32:10.105924000,34330.105924498,4,20,11100000,1
2019-12-10 09:32:10.105924000,34330.105924498,4,57,11100000,1
2019-12-10 09:32:10.106374000,34330.106374345,5,90,11100100,1
2019-12-10 09:32:10.106892000,34330.106891886004,4,100,11100000,1
2019-12-10 09:32:10.107036000,34330.107035728,4,93,11100000,1
2019-12-10 09:32:10.107036000,34330.107035728,4,8,11100000,1
2019-12-10 09:32:10.107036000,34330.107035728,4,5,11100000,1
2019-12-10 09:32:10.107036000,34330.107035728,4,50,11100000,1
2019-12-10 09:32:10.107036000,34330.107035728,4,5,11100000,1
2019-12-10 09:32:10.107036000,34330.107035728,4,34,11100000,1
2019-12-10 09:32:10.107036000,34330.107035728,4,7,11100000,1
2019-12-10 09:32:10.107312000,34330.107312139,4,1,11100000,1
2019-12-10 09:32:10.264176000,34330.264175742996,4,15,11100000,1
2019-12-10 09:32:10.349370000,34330.349370057,5,10,11101200,1
2019-12-10 09:32:10.360071000,34330.360070965,4,74,11100000,1
2019-12-10 09:32:12.123021000,34332.123020754,5,35,11100400,1
2019-12-10 09:32:13.687185000,34333.687184825,5,35,11101200,1
2019-12-10 09:32:15.591800000,34335.591800418,5,35,11100200,1
2019-12-10 09:32:17.527680000,34337.527680273,5,36,11100500,1
2019-12-10 09:32:17.559195000,34337.559195234,5,74,11096800,1
2019-12-10 09:32:18.052398000,34338.052398298,4,3,11096000,1
2019-12-10 09:32:18.052398000,34338.052398298,5,100,11093100,1
2019-12-10 09:32:18.052398000,34338.052398298,4,100,11092900,1
2019-12-10 09:32:18.063360000,34338.063359874,4,3,11091900,1
2019-12-10 09:32:18.063360000,34338.063359874,4,10,11091600,1
2019-12-10 09:32:18.063360000,34338.063359874,4,1,11090800,1
2019-12-10 09:32:18.063360000,34338.063359874,4,2,11090200,1
2019-12-10 09:32:18.093033000,34338.093033044,4,1,11090100,1
2019-12-10 09:32:18.093033000,34338.093033044,4,10,11090000,1
2019-12-10 09:32:18.093033000,34338.093033044,4,7,11090000,1
2019-12-10 09:32:21.870712000,34341.870711643,5,13,11088200,1
2019-12-10 09:32:22.530607000,34342.530607400004,4,5,11087100,1
2019-12-10 09:32:22.530607000,34342.530607400004,4,1,11087100,1
2019-12-10 09:32:22.615905000,34342.615905455,4,3,11080700,1
2019-12-10 09:32:22.615905000,34342.615905455,4,21,11080600,1
2019-12-10 09:32:22.616506000,34342.616506304,4,5,11080000,1
2019-12-10 09:32:22.616506000,34342.616506304,4,5,11080000,1
2019-12-10 09:32:22.616874000,34342.61687423,5,90,11079500,1
2019-12-10 09:32:22.618314000,34342.618313558996,5,24,11080100,1
2019-12-10 09:32:22.618335000,34342.618335048,5,24,11080100,1
2019-12-10 09:32:22.618339000,34342.61833947,5,24,11080100,1
2019-12-10 09:32:22.618344000,34342.618344171,5,28,11080100,1
2019-12-10 09:32:22.618344000,34342.618344171,4,7,11080400,-1
2019-12-10 09:32:22.618361000,34342.618361343,4,17,11080400,-1
2019-12-10 09:32:22.618361000,34342.618361343,4,7,11080400,-1
2019-12-10 09:32:22.618363000,34342.618363071,4,28,11080400,-1
2019-12-10 09:32:22.618493000,34342.61849262,4,58,11080400,-1
2019-12-10 09:32:22.618500000,34342.618499765,4,24,11080400,-1
2019-12-10 09:32:22.618537000,34342.618536689,4,18,11080400,-1
2019-12-10 09:32:22.618706000,34342.618705866,4,24,11080400,-1
2019-12-10 09:32:22.618721000,34342.618721386,4,24,11080400,-1
2019-12-10 09:32:22.618741000,34342.618740629,4,2,11080400,-1
2019-12-10 09:32:22.618741000,34342.618740629,4,33,11080400,-1
2019-12-10 09:32:22.618745000,34342.618745011,4,17,11080400,-1
2019-12-10 09:32:22.618745000,34342.618745011,4,18,11080400,-1
2019-12-10 09:32:22.618865000,34342.618864734,4,26,11079200,1
2019-12-10 09:32:22.618892000,34342.618891767,5,58,11079800,1
2019-12-10 09:32:22.618958000,34342.618957526,5,67,11079800,1
2019-12-10 09:32:22.618958000,34342.618957526,4,32,11080400,-1
2019-12-10 09:32:22.618958000,34342.618957526,4,1,11080400,-1
2019-12-10 09:32:22.621293000,34342.621292922995,4,174,11079200,1
2019-12-10 09:32:23.038299000,34343.038298766,5,64,11076600,1
2019-12-10 09:32:23.038299000,34343.038298766,4,1,11077300,-1
2019-12-10 09:32:23.038299000,34343.038298766,4,1,11077300,-1
2019-12-10 09:32:23.038299000,34343.038298766,4,44,11077300,-1
2019-12-10 09:32:23.038326000,34343.038325785,4,64,11077300,-1
2019-12-10 09:32:23.038362000,34343.038361601,5,64,11077300,1
2019-12-10 09:32:25.447841000,34345.447841384,5,10,11075400,1
2019-12-10 09:32:34.516202999,34354.516202899,4,3,11073700,1
2019-12-10 09:32:37.099405000,34357.099405103,5,100,11072400,1
2019-12-10 09:32:37.099405000,34357.099405103,5,100,11072400,1
2019-12-10 09:32:37.099405000,34357.099405103,4,7,11072300,1
2019-12-10 09:32:37.099405000,34357.099405103,4,62,11071500,1
2019-12-10 09:32:37.099405000,34357.099405103,4,1,11070000,1
2019-12-10 09:32:37.099405000,34357.099405103,4,5,11070000,1
2019-12-10 09:32:37.099405000,34357.099405103,4,75,11070000,1
2019-12-10 09:32:37.099405000,34357.099405103,4,100,11070000,1
2019-12-10 09:32:37.099405000,34357.099405103,4,3,11070000,1
2019-12-10 09:32:37.099405000,34357.099405103,4,200,11070000,1
2019-12-10 09:32:37.099405000,34357.099405103,5,147,11070000,1
2019-12-10 09:32:37.099475000,34357.099475168,5,2,11070000,1
2019-12-10 09:32:37.099564000,34357.099564204,5,50,11075700,1
2019-12-10 09:32:38.760609000,34358.760609443,4,1,11068500,1
2019-12-10 09:32:38.760609000,34358.760609443,5,29,11068000,1
2019-12-10 09:32:38.760791000,34358.760790775,4,50,11072900,-1
2019-12-10 09:32:39.139443000,34359.139443472995,4,20,11077200,-1
2019-12-10 09:32:39.139470000,34359.13946984,5,100,11076900,1
2019-12-10 09:32:40.032048000,34360.032047682995,4,2,11078000,-1
2019-12-10 09:32:40.032187000,34360.032186689,5,10,11079600,1
2019-12-10 09:32:40.032187000,34360.032186689,4,104,11080000,-1
2019-12-10 09:32:40.032213000,34360.032212557,4,226,11080000,-1
2019-12-10 09:32:40.032213000,34360.032212557,4,100,11080000,-1
2019-12-10 09:32:40.032530000,34360.032529988,4,100,11080100,-1
2019-12-10 09:32:40.032539000,34360.032538621,5,55,11080100,1
2019-12-10 09:32:40.032630000,34360.032629977,4,45,11080100,-1
2019-12-10 09:32:40.033328999,34360.03332872,4,1,11083300,-1
2019-12-10 09:32:40.033328999,34360.03332872,4,88,11084700,-1
2019-12-10 09:32:40.033328999,34360.03332872,5,10,11085000,1
2019-12-10 09:32:40.045671000,34360.045671255,4,1,11080400,1
2019-12-10 09:32:40.045671000,34360.045671255,4,47,11080400,1
2019-12-10 09:32:40.045671000,34360.045671255,4,1,11079700,1
2019-12-10 09:32:45.005912000,34365.00591186,5,100,11078900,1
2019-12-10 09:32:45.005912000,34365.00591186,4,100,11077600,1
2019-12-10 09:32:49.393081000,34369.393081302005,5,100,11079000,1
2019-12-10 09:32:49.393081000,34369.393081302005,5,100,11077100,1
2019-12-10 09:32:49.393081000,34369.393081302005,4,1,11076100,1
2019-12-10 09:32:49.393081000,34369.393081302005,5,100,11076100,1
2019-12-10 09:32:49.393081000,34369.393081302005,4,50,11076000,1
2019-12-10 09:32:49.393081000,34369.393081302005,4,68,11076000,1
2019-12-10 09:32:49.423512000,34369.423512379,4,1,11077000,1
2019-12-10 09:32:54.239619000,34374.239618969,5,2,11083900,1
2019-12-10 09:32:54.239655000,34374.239655329,5,2,11083900,1
2019-12-10 09:32:54.240714000,34374.240713552004,4,1,11083000,1
2019-12-10 09:32:54.240739000,34374.240739382,5,2,11083900,1
2019-12-10 09:32:54.240815000,34374.240814787,5,2,11083900,1
2019-12-10 09:32:54.302979000,34374.302978912005,5,2,11083900,1
2019-12-10 09:32:54.303012000,34374.303011581,5,2,11083900,1
2019-12-10 09:32:54.370958000,34374.37095834,5,2,11083900,1
2019-12-10 09:32:54.429515000,34374.429515014,5,2,11083900,1
2019-12-10 09:32:54.738975000,34374.738975069,5,2,11083900,1
2019-12-10 09:32:54.790960000,34374.79096023,5,2,11083900,1
2019-12-10 09:32:54.960260000,34374.960260251,5,2,11083900,1
2019-12-10 09:32:54.975120000,34374.975119636,4,2,11084400,-1
2019-12-10 09:32:54.975197000,34374.975197327,4,2,11086500,-1
2019-12-10 09:32:54.977465000,34374.977465262,5,71,11092200,1
2019-12-10 09:32:54.989699000,34374.98969936,5,100,11086700,1
2019-12-10 09:32:54.989699000,34374.98969936,5,100,11086000,1
2019-12-10 09:32:55.048193000,34375.048192973,4,1,11086100,1
2019-12-10 09:32:55.048193000,34375.048192973,4,1,11086100,1
2019-12-10 09:32:55.048193000,34375.048192973,5,100,11084200,1
2019-12-10 09:32:55.048193000,34375.048192973,4,1,11083400,1
2019-12-10 09:32:55.048193000,34375.048192973,5,97,11083300,1
2019-12-10 09:33:00.176965000,34380.176965466,4,1,11084300,1
2019-12-10 09:33:00.176976000,34380.176976352996,5,28,11085400,1
2019-12-10 09:33:04.998475000,34384.998475377004,4,1,11084300,1
2019-12-10 09:33:13.932095000,34393.932095447,5,100,11094700,1
2019-12-10 09:33:13.932095000,34393.932095447,5,50,11095100,1
2019-12-10 09:33:24.646131000,34404.646130886,5,100,11089500,1
2019-12-10 09:33:34.749660000,34414.749660238,5,1,11098100,1
2019-12-10 09:33:34.750020000,34414.750020406,5,1,11098100,1
2019-12-10 09:33:37.097644000,34417.097644154,5,1,11098100,1
2019-12-10 09:33:37.156830000,34417.156830445,5,1,11098100,1
2019-12-10 09:33:37.230389000,34417.230388979,5,1,11098100,1
2019-12-10 09:33:39.529012999,34419.529012795,5,1,11098100,1
2019-12-10 09:33:39.529185000,34419.529185052,5,1,11098100,1
2019-12-10 09:33:43.863573000,34423.863573128,5,1,11098100,1
2019-12-10 09:33:44.104881000,34424.104881257,4,15,11097500,-1
2019-12-10 09:33:44.104992000,34424.10499207,5,1,11095000,1
2019-12-10 09:33:44.105907000,34424.105906838,4,50,11093800,1
2019-12-10 09:33:44.113925000,34424.113924696,4,1,11097500,-1
2019-12-10 09:33:44.113949000,34424.113948959,4,49,11097500,-1
2019-12-10 09:33:44.440115000,34424.440115348,5,6,11098100,1
2019-12-10 09:33:47.025709000,34427.025709499,5,22,11098100,1
2019-12-10 09:33:47.025742000,34427.025742385,5,17,11098100,1
2019-12-10 09:33:47.025742000,34427.025742385,4,83,11098900,-1
2019-12-10 09:33:47.025767000,34427.025766511004,4,17,11098900,-1
2019-12-10 09:33:47.025767000,34427.025766511004,4,83,11098900,-1
2019-12-10 09:33:47.025770000,34427.025770339,4,17,11098900,-1
2019-12-10 09:33:47.025770000,34427.025770339,4,100,11098900,-1
2019-12-10 09:33:47.025770000,34427.025770339,4,1,11098900,-1
2019-12-10 09:33:47.025806000,34427.025806225,4,3,11098900,-1
2019-12-10 09:33:47.025806000,34427.025806225,4,2,11098900,-1
2019-12-10 09:33:47.027158000,34427.02715822,4,3,11100000,-1
2019-12-10 09:33:47.027158000,34427.02715822,4,50,11100000,-1
2019-12-10 09:33:47.027201000,34427.027200941004,4,2,11100200,-1
2019-12-10 09:33:47.065384000,34427.06538372,5,1,11101900,1
2019-12-10 09:33:47.082096000,34427.082095813,4,1,11102400,1
2019-12-10 09:33:47.082141000,34427.08214088,5,1,11102500,1
2019-12-10 09:33:47.084533000,34427.084532823,5,2,11102500,1
2019-12-10 09:33:47.087507000,34427.087507412005,4,1,11102400,1
2019-12-10 09:34:07.201101000,34447.201100533995,5,2,11095800,1
2019-12-10 09:34:07.708527000,34447.708527457005,4,1,11101100,1
2019-12-10 09:34:07.715654000,34447.715653887004,5,1,11103700,1
2019-12-10 09:34:14.857777000,34454.857776544,5,1,11095200,1
2019-12-10 09:34:15.700766000,34455.700765651,4,1,11098900,1
2019-12-10 09:34:18.706160000,34458.706159598,4,15,11100000,1
2019-12-10 09:34:26.087606000,34466.087606045,5,1,11103400,1
2019-12-10 09:34:26.087627000,34466.087627148,5,1,11103400,1
2019-12-10 09:34:26.092480000,34466.092480226,5,1,11103700,1
2019-12-10 09:34:26.092501000,34466.092501112005,5,1,11103700,1
2019-12-10 09:34:26.867644000,34466.867643835,4,100,11100600,1
2019-12-10 09:34:27.602901000,34467.602900958,4,1,11098700,1
2019-12-10 09:34:27.603015000,34467.603014848,4,13,11098700,-1
2019-12-10 09:34:27.603361000,34467.603361024,4,2,11098700,-1
2019-12-10 09:34:27.603385000,34467.603385389,4,8,11098700,-1
2019-12-10 09:34:27.606860000,34467.606859821004,4,2,11098700,-1
2019-12-10 09:34:27.609750000,34467.609749795,4,1,11098600,1
2019-12-10 09:34:27.614724000,34467.614723875,4,1,11098700,-1
2019-12-10 09:34:27.616512000,34467.616512304,4,1,11097400,1
2019-12-10 09:34:27.616996000,34467.616996298,4,3,11097400,-1
2019-12-10 09:34:27.617379000,34467.617378859,4,5,11096300,1
2019-12-10 09:34:27.618664000,34467.61866401,4,1,11097300,1
2019-12-10 09:34:27.620817000,34467.620816786,4,1,11096400,1
2019-12-10 09:34:27.621058000,34467.621057711,5,11,11095900,1
2019-12-10 09:34:27.622110000,34467.622110469,4,10,11097300,-1
2019-12-10 09:34:27.622221000,34467.622221184,4,50,11096900,1
2019-12-10 09:34:27.622421000,34467.622421091,4,5,11097300,-1
2019-12-10 09:34:27.622445000,34467.622444797,4,45,11097300,-1
2019-12-10 09:34:27.624656000,34467.6246565,4,1,11097300,1
2019-12-10 09:34:27.627091000,34467.627090942005,4,1,11096500,1
2019-12-10 09:34:27.629009000,34467.629008945,4,1,11096500,1
2019-12-10 09:34:27.629831000,34467.629830743,4,1,11095400,1
2019-12-10 09:34:27.629831000,34467.629830743,4,1,11095100,1
2019-12-10 09:34:27.629831000,34467.629830743,4,1,11095100,1
2019-12-10 09:34:27.629831000,34467.629830743,4,8,11095100,1
2019-12-10 09:34:27.631731000,34467.631731271,4,1,11096600,1
2019-12-10 09:34:27.632641000,34467.63264084,4,1,11096600,1
2019-12-10 09:34:27.632980000,34467.632980083,4,1,11097000,1
2019-12-10 09:34:27.635257000,34467.635257274,4,1,11097300,1
2019-12-10 09:34:27.970395000,34467.970395493,5,1,11097300,1
2019-12-10 09:34:27.970417000,34467.970417335,4,1,11097400,-1
2019-12-10 09:34:27.972126000,34467.972126206,5,1,11097300,1
2019-12-10 09:34:27.973854000,34467.973853708,4,1,11097400,-1
2019-12-10 09:34:27.975578000,34467.975578379,4,1,11097400,-1
2019-12-10 09:34:27.977152000,34467.977152447995,4,1,11097400,-1
2019-12-10 09:34:27.978852000,34467.978852274,4,1,11097400,-1
2019-12-10 09:34:27.980417000,34467.980416635,4,1,11097400,-1
2019-12-10 09:34:28.001259000,34468.001258747005,4,1,11097400,-1
2019-12-10 09:34:28.002989000,34468.002988522996,4,1,11097400,-1
2019-12-10 09:34:28.009648000,34468.009647982,5,1,11097300,1
2019-12-10 09:34:29.545160000,34469.545159948,5,1,11095200,1
2019-12-10 09:34:29.545213000,34469.545212901,5,5,11095200,1
2019-12-10 09:34:29.889722000,34469.889722483,4,1,11097400,-1
2019-12-10 09:34:29.889747000,34469.889746508,4,1,11097400,-1
2019-12-10 09:34:29.891274000,34469.891274041,4,1,11097400,-1
2019-12-10 09:34:29.892992000,34469.892991625,4,1,11097400,-1
2019-12-10 09:34:30.019953000,34470.019952669,4,1,11097400,-1
2019-12-10 09:34:30.045120000,34470.045119869,4,1,11097400,-1
2019-12-10 09:34:30.046666000,34470.046666322,4,1,11097400,-1
2019-12-10 09:34:30.452884000,34470.452883515,4,1,11097400,-1
2019-12-10 09:34:30.454593000,34470.45459304,4,1,11097400,-1
2019-12-10 09:34:30.456500000,34470.456499565,4,1,11097400,-1
2019-12-10 09:34:30.458559000,34470.458559361,4,1,11097400,-1
2019-12-10 09:34:30.555373000,34470.555372975,4,1,11097400,-1
2019-12-10 09:34:30.557203000,34470.557202713,4,1,11097400,-1
2019-12-10 09:34:30.559151000,34470.559150728,4,1,11097400,-1
2019-12-10 09:34:30.682969000,34470.682969072004,4,1,11097400,-1
2019-12-10 09:34:31.555446000,34471.555446085,4,1,11097400,-1
2019-12-10 09:34:31.639808000,34471.639808149,4,1,11097400,-1
2019-12-10 09:34:32.083055000,34472.083055255,4,1,11097400,-1
2019-12-10 09:34:32.084629000,34472.084629176,4,1,11097400,-1
2019-12-10 09:34:32.287448000,34472.287447916,4,1,11097400,-1
2019-12-10 09:34:32.555366000,34472.555365686,4,1,11097400,-1
2019-12-10 09:34:33.476815000,34473.47681452,5,1,11095200,1
2019-12-10 09:34:33.477179000,34473.477178969,5,3,11095200,1
2019-12-10 09:34:33.477536000,34473.477536161,4,1,11095100,1
2019-12-10 09:34:35.108294000,34475.108294193,4,20,11097300,-1
2019-12-10 09:34:36.063244999,34476.063245323,5,61,11095800,1
2019-12-10 09:34:36.063271999,34476.063272186,5,8,11095200,1
2019-12-10 09:34:36.063284000,34476.063284155,5,46,11095200,1
2019-12-10 09:34:36.063286999,34476.063287459,5,29,11095200,1
2019-12-10 09:34:36.063288000,34476.063287962,5,17,11095200,1
2019-12-10 09:34:36.063288000,34476.063287962,5,29,11094600,1
2019-12-10 09:34:36.063289000,34476.063288806,5,40,11094600,1
2019-12-10 09:34:36.063322000,34476.063321514,4,8,11093200,1
2019-12-10 09:34:36.063332000,34476.063332221,4,2,11093200,1
2019-12-10 09:34:36.063332000,34476.063332221,4,50,11092900,1
2019-12-10 09:34:36.063332000,34476.063332221,4,1,11092900,1
2019-12-10 09:34:39.396599000,34479.396598601,5,16,11091000,1
2019-12-10 09:34:40.760824000,34480.760824314,5,100,11090500,1
2019-12-10 09:34:41.577175000,34481.577175217004,5,1,11093200,1
2019-12-10 09:34:41.577175000,34481.577175217004,4,399,11093300,-1
2019-12-10 09:34:41.577202000,34481.577201736,4,1,11093300,-1
2019-12-10 09:34:41.577776000,34481.57777581,4,2,11094600,-1
2019-12-10 09:34:47.356786000,34487.356786327,4,100,11093300,1
2019-12-10 09:34:47.356818000,34487.35681812,4,46,11093300,1
2019-12-10 09:34:47.356822000,34487.356821914,4,20,11093300,1
2019-12-10 09:34:47.356822000,34487.356821914,5,46,11093300,1
2019-12-10 09:34:47.356825000,34487.356824615,5,13,11093300,1
2019-12-10 09:34:47.356834000,34487.356833613,5,100,11093300,1
2019-12-10 09:34:47.356851000,34487.356850983,4,41,11093300,1
2019-12-10 09:34:47.356904000,34487.35690411,4,19,11093300,-1
2019-12-10 09:34:53.896023000,34493.896022982,5,100,11095400,1
2019-12-10 09:34:55.970438000,34495.970437759,5,1,11096700,1
2019-12-10 09:34:55.970443000,34495.970442912,5,1,11096700,1
2019-12-10 09:34:55.970447000,34495.970446956,5,3,11096700,1
2019-12-10 09:34:55.970447000,34495.970446956,4,1,11096800,-1
2019-12-10 09:34:55.970447000,34495.970446956,5,5,11096800,1
2019-12-10 09:34:55.970643000,34495.970643204,4,100,11096700,1
2019-12-10 09:34:55.971082000,34495.971082121,4,100,11097200,-1
2019-12-10 09:34:55.971082000,34495.971082121,4,100,11097200,-1
2019-12-10 09:34:55.989405000,34495.989404923996,5,5,11102800,1
2019-12-10 09:34:55.989405000,34495.989404923996,4,4,11102700,1
2019-12-10 09:34:55.990920000,34495.990919935,4,50,11103300,-1
2019-12-10 09:34:55.991172000,34495.991172189,4,50,11102700,1
2019-12-10 09:34:55.995167000,34495.995166537,4,1,11102000,1
2019-12-10 09:34:55.995167000,34495.995166537,4,1,11102000,1
2019-12-10 09:34:57.646055000,34497.646054669,4,16,11103300,-1
2019-12-10 09:34:57.646088000,34497.646088152,4,34,11103300,-1
2019-12-10 09:34:57.646088000,34497.646088152,4,50,11103300,-1
2019-12-10 09:34:57.646088000,34497.646088152,4,16,11103300,-1
2019-12-10 09:34:57.646090000,34497.646089992995,4,26,11103300,-1
2019-12-10 09:34:57.646092000,34497.646091992996,4,58,11103300,-1
2019-12-10 09:34:58.819115000,34498.819115384,4,1,11105100,1
2019-12-10 09:34:58.819115000,34498.819115384,4,1,11105100,1
2019-12-10 09:34:58.831053000,34498.831053374,4,1,11103500,1
2019-12-10 09:35:00.242541000,34500.242540597,4,1,11103200,1
2019-12-10 09:35:00.242558000,34500.242558067,4,55,11103100,1
2019-12-10 09:35:05.690353000,34505.690352988,5,5,11104800,1
2019-12-10 09:35:05.690353000,34505.690352988,4,5,11104700,1
2019-12-10 09:35:07.569187000,34507.56918717,4,3,11107900,-1
2019-12-10 09:35:07.569203000,34507.569203407,4,2,11107900,-1
2019-12-10 09:35:07.569203000,34507.569203407,4,10,11107900,-1
2019-12-10 09:35:07.569223000,34507.569223094,4,5,11108300,-1
2019-12-10 09:35:07.569223000,34507.569223094,4,10,11108500,-1
2019-12-10 09:35:07.569748000,34507.569748218,5,100,11108000,1
2019-12-10 09:35:07.582818000,34507.582817873,4,100,11111900,1
2019-12-10 09:35:07.611792000,34507.611792327,4,1,11112500,1
2019-12-10 09:35:07.611792000,34507.611792327,4,1,11112500,1
2019-12-10 09:35:09.060501000,34509.060501007996,4,1,11114900,-1
2019-12-10 09:35:10.220399000,34510.220399448,4,399,11114900,-1
2019-12-10 09:35:10.220399000,34510.220399448,4,100,11114900,-1
2019-12-10 09:35:10.220717000,34510.220716528,4,8,11114900,-1
2019-12-10 09:35:10.220738000,34510.220737817996,4,92,11114900,-1
2019-12-10 09:35:10.221751000,34510.221751118,4,1,11114900,-1
2019-12-10 09:35:10.224517000,34510.22451726,4,1,11114900,-1
2019-12-10 09:35:10.226441000,34510.226441045,4,1,11114900,-1
2019-12-10 09:35:10.227044000,34510.227043802995,4,97,11114900,-1
2019-12-10 09:35:10.231874000,34510.231873988996,4,1,11114300,1
2019-12-10 09:35:10.236682000,34510.236682256,4,1,11114600,1
2019-12-10 09:35:10.244985000,34510.244985418,4,1,11114700,1
2019-12-10 09:35:11.733164000,34511.733164152996,5,5,11117300,1
2019-12-10 09:35:11.733164000,34511.733164152996,5,24,11118900,1
2019-12-10 09:35:16.217415000,34516.217415111,5,3,11110800,1
2019-12-10 09:35:27.201070000,34527.201070065,5,11,11118400,1
2019-12-10 09:35:29.823340000,34529.823340136,5,78,11118400,1
2019-12-10 09:35:29.823340000,34529.823340136,4,2,11118700,-1
2019-12-10 09:35:29.823340000,34529.823340136,5,5,11118700,1
2019-12-10 09:35:29.823340000,34529.823340136,4,15,11118800,-1
2019-12-10 09:35:29.823378000,34529.823377699,4,26,11118800,-1
2019-12-10 09:35:29.823888000,34529.823888115,4,59,11118800,-1
2019-12-10 09:35:29.823952000,34529.823951812,4,100,11118900,-1
2019-12-10 09:35:29.824018000,34529.824017909,4,100,11118900,-1
2019-12-10 09:35:29.824578000,34529.824578446,4,61,11118900,-1
2019-12-10 09:35:29.833862000,34529.833861784,5,89,11118800,1
2019-12-10 09:35:29.833862000,34529.833861784,5,1,11118800,1
2019-12-10 09:35:31.820157000,34531.820157309,4,1,11118800,1
2019-12-10 09:35:31.821931000,34531.821930632,4,35,11118800,1
2019-12-10 09:35:35.724244000,34535.724244426005,4,1,11118900,-1
2019-12-10 09:35:37.350602000,34537.350602137005,4,1,11118800,-1
2019-12-10 09:35:37.350624000,34537.350623566,4,1,11118800,-1
2019-12-10 09:35:38.878450000,34538.878449574,4,5,11118800,-1
2019-12-10 09:35:38.878637000,34538.87863677,4,1,11118800,-1
2019-12-10 09:35:38.936436000,34538.936436019,4,1,11118800,-1
2019-12-10 09:35:38.936458000,34538.93645755,4,1,11118800,-1
2019-12-10 09:35:38.937812000,34538.937812444,4,1,11118800,-1
2019-12-10 09:35:38.937914000,34538.937914427,4,1,11118800,-1
2019-12-10 09:35:38.938376000,34538.938375875,4,1,11118800,-1
2019-12-10 09:35:39.204658000,34539.204658139,4,1,11118800,-1
2019-12-10 09:35:39.928003000,34539.928002713,4,1,11118800,-1
2019-12-10 09:35:41.472276000,34541.472275509,4,1,11114700,1
2019-12-10 09:35:41.472276000,34541.472275509,4,1,11114700,1
2019-12-10 09:35:41.472374000,34541.472373707,5,5,11114800,1
2019-12-10 09:35:41.472374000,34541.472373707,4,94,11114700,1
2019-12-10 09:35:41.472407000,34541.472406919,4,5,11114700,1
2019-12-10 09:35:41.476156000,34541.476155987,4,86,11114700,-1
2019-12-10 09:35:41.972011000,34541.972010505,5,100,11113500,1
2019-12-10 09:35:59.595483000,34559.595482705,4,2,11118700,-1
2019-12-10 09:35:59.595497000,34559.595496516,4,1,11118800,-1
2019-12-10 09:35:59.595497000,34559.595496516,4,52,11118800,-1
2019-12-10 09:35:59.595500000,34559.595499699,4,5,11118900,-1
2019-12-10 09:35:59.595634000,34559.595633988996,4,16,11120000,-1
2019-12-10 09:35:59.595756000,34559.595755844,4,5,11120000,-1
2019-12-10 09:35:59.596213000,34559.596213392004,4,5,11120000,-1
2019-12-10 09:35:59.596225000,34559.596224718,4,74,11120000,-1
2019-12-10 09:35:59.600403000,34559.600403142,5,2,11120100,1
2019-12-10 09:35:59.604403000,34559.60440306,4,100,11122600,1
2019-12-10 09:35:59.668723000,34559.668723296,4,1,11125200,-1
2019-12-10 09:35:59.669673000,34559.669673145,5,5,11120900,1
2019-12-10 09:35:59.669673000,34559.669673145,4,45,11120800,1
2019-12-10 09:35:59.743769000,34559.743768599,5,1,11122600,1
2019-12-10 09:35:59.743807000,34559.743806754,4,1,11122700,-1
2019-12-10 09:35:59.827785000,34559.827784745,5,1,11122600,1
2019-12-10 09:36:00.314599000,34560.314599196005,4,9,11122700,-1
2019-12-10 09:36:00.314599000,34560.314599196005,4,45,11122700,-1
2019-12-10 09:36:00.678575000,34560.678574548,5,98,11125900,1
2019-12-10 09:36:00.744245000,34560.744244769,5,1,11126100,1
2019-12-10 09:36:00.744245000,34560.744244769,4,97,11126300,-1
2019-12-10 09:36:02.477690000,34562.477689702,5,5,11126200,1
2019-12-10 09:36:02.828374000,34562.828374412995,5,9,11121700,1
2019-12-10 09:36:04.932490000,34564.932489649,4,3,11126300,-1
2019-12-10 09:36:04.981820000,34564.981819763,4,10,11126300,-1
2019-12-10 09:36:04.981846000,34564.981845796,4,4,11126300,-1
2019-12-10 09:36:04.981879000,34564.981879028,4,86,11126300,-1
2019-12-10 09:36:04.981912000,34564.981912452,4,25,11126400,-1
2019-12-10 09:36:04.981950000,34564.981950243,4,1,11126400,-1
2019-12-10 09:36:04.982053000,34564.982053162996,4,1,11126400,-1
2019-12-10 09:36:04.982186000,34564.982186309,4,1,11126300,-1
2019-12-10 09:36:04.983337000,34564.983337385,4,74,11126300,-1
2019-12-10 09:36:06.373872000,34566.373872423996,5,100,11122400,1
2019-12-10 09:36:07.347376000,34567.347376282,5,5,11121100,1
2019-12-10 09:36:07.347376000,34567.347376282,4,5,11121000,1
2019-12-10 09:36:07.347415000,34567.347414897005,4,95,11121000,1
2019-12-10 09:36:07.347415000,34567.347414897005,4,5,11121000,1
2019-12-10 09:36:07.347420000,34567.347420139,4,59,11121000,1
2019-12-10 09:36:07.347423000,34567.347422935,4,2,11121000,1
2019-12-10 09:36:07.347457000,34567.347457011,4,34,11121000,1
2019-12-10 09:36:07.347457000,34567.347457011,4,1,11121000,1
2019-12-10 09:36:07.347457000,34567.347457011,4,53,11120700,1
2019-12-10 09:36:07.347476000,34567.347476064,4,32,11120300,1
2019-12-10 09:36:07.348129000,34567.348128621,4,10,11120300,1
2019-12-10 09:36:07.351675000,34567.351674672005,4,1,11121000,-1
2019-12-10 09:36:07.351711000,34567.351710589,4,1,11121000,-1
2019-12-10 09:36:07.364208000,34567.364207683,4,1,11121000,-1
2019-12-10 09:36:07.366313000,34567.366313236,4,1,11121000,-1
2019-12-10 09:36:07.949987000,34567.949986807995,4,1,11120600,1
2019-12-10 09:36:07.963724000,34567.963724257,5,10,11120000,1
2019-12-10 09:36:11.101608000,34571.101608273,5,3,11120900,1
2019-12-10 09:36:16.412304000,34576.41230406,4,1,11121000,-1
2019-12-10 09:36:16.412538000,34576.412538494,4,20,11121000,-1
2019-12-10 09:36:16.412538000,34576.412538494,4,80,11121000,-1
2019-12-10 09:36:16.412547000,34576.412547348,4,20,11121000,-1
2019-12-10 09:36:16.436194000,34576.436193861,4,1,11121600,1
2019-12-10 09:36:24.295880000,34584.295880361,5,5,11123900,1
2019-12-10 09:36:24.384930000,34584.384929838,5,16,11124700,1
2019-12-10 09:36:25.430560000,34585.430559596,5,5,11123100,1
2019-12-10 09:36:33.612528000,34593.612527574,5,1,11119900,1
2019-12-10 09:36:33.614411000,34593.614411238,4,1,11120000,-1
2019-12-10 09:36:35.569994000,34595.569993526,5,14,11123300,1
2019-12-10 09:36:36.170393000,34596.170393203,5,100,11123700,1
2019-12-10 09:36:37.029556000,34597.029555811,5,5,11123900,1
2019-12-10 09:36:37.029556000,34597.029555811,4,100,11124000,-1
2019-12-10 09:36:37.029556000,34597.029555811,4,100,11124000,-1
2019-12-10 09:36:37.043570000,34597.043570266,4,100,11125600,1
2019-12-10 09:36:37.043612000,34597.043612108,4,200,11125600,1
2019-12-10 09:36:37.044372000,34597.04437163,4,100,11125600,1
2019-12-10 09:36:37.044401000,34597.044401366,4,8,11125600,1
2019-12-10 09:36:37.045487000,34597.045486702,4,1,11125700,1
2019-12-10 09:36:37.045540000,34597.045540267995,4,1,11125700,1
2019-12-10 09:36:37.045580000,34597.045579756,4,100,11125600,1
2019-12-10 09:36:37.046556000,34597.046556369,4,66,11125600,1
2019-12-10 09:36:37.061427000,34597.061427272005,4,4,11126400,-1
2019-12-10 09:36:37.061496000,34597.06149569,4,69,11126400,-1
2019-12-10 09:36:37.061496000,34597.06149569,4,31,11126400,-1
2019-12-10 09:36:37.061526000,34597.061526029,4,20,11126400,-1
2019-12-10 09:36:37.061534000,34597.061534251,4,49,11126400,-1
2019-12-10 09:36:37.061534000,34597.061534251,4,100,11126400,-1
2019-12-10 09:36:37.061848000,34597.061847926,4,16,11126400,-1
2019-12-10 09:36:37.061850000,34597.06185006,4,1,11126400,-1
2019-12-10 09:36:37.061852000,34597.061851661,4,80,11126400,-1
2019-12-10 09:36:37.062014000,34597.062013766,4,1,11126400,-1
2019-12-10 09:36:37.062364000,34597.062363634,4,2,11126400,-1
2019-12-10 09:36:37.998987000,34597.998987218,5,5,11129900,1
2019-12-10 09:36:37.998987000,34597.998987218,4,5,11130000,-1
2019-12-10 09:36:37.999020000,34597.999020167,4,5,11130000,-1
2019-12-10 09:36:38.029106000,34598.029105648,4,1,11129000,1
2019-12-10 09:36:39.826761000,34599.826761179,5,5,11125700,1
2019-12-10 09:36:39.826761000,34599.826761179,4,26,11125600,1
2019-12-10 09:36:39.826761000,34599.826761179,4,69,11125600,1
2019-12-10 09:36:39.826798000,34599.82679794,4,12,11125600,1
2019-12-10 09:36:39.826809000,34599.826808638,4,100,11125600,1
2019-12-10 09:36:39.826869000,34599.82686855,4,19,11125600,1
2019-12-10 09:36:52.568460000,34612.568460263,5,100,11124700,1
2019-12-10 09:36:54.530132000,34614.530132059,4,87,11125000,-1
2019-12-10 09:36:54.530138000,34614.530137867005,4,13,11125000,-1
2019-12-10 09:36:54.530138000,34614.530137867005,4,9,11125000,-1
2019-12-10 09:36:54.530216000,34614.530216278996,4,100,11124900,1
2019-12-10 09:36:54.530338000,34614.530337747005,4,24,11125100,-1
2019-12-10 09:36:54.530638000,34614.530637672004,4,1,11125100,-1
2019-12-10 09:36:54.530953000,34614.530952932,4,1,11125100,-1
2019-12-10 09:36:54.531012000,34614.531011589,4,74,11125100,-1
2019-12-10 09:36:54.531012000,34614.531011589,4,100,11125100,-1
2019-12-10 09:36:54.531462000,34614.531462136,4,1,11125600,-1
2019-12-10 09:36:54.816843000,34614.816843431,4,1,11128700,1
2019-12-10 09:36:54.818790000,34614.818789805,5,1,11129600,1
2019-12-10 09:36:56.531444000,34616.53144444,4,25,11129700,-1
2019-12-10 09:36:56.532389000,34616.532389347994,4,1,11129700,-1
2019-12-10 09:36:56.532568000,34616.532568396,4,1,11129700,-1
2019-12-10 09:36:56.532659000,34616.532658566,4,18,11129700,-1
2019-12-10 09:36:56.532699999,34616.532699778,4,3,11129700,-1
2019-12-10 09:36:56.534188000,34616.534188247,4,1,11129700,-1
2019-12-10 09:36:58.084487000,34618.084487378,4,20,11129700,-1
2019-12-10 09:36:59.416692000,34619.416692007995,4,1,11129700,-1
2019-12-10 09:36:59.531493000,34619.531493482005,4,1,11129700,-1
2019-12-10 09:36:59.531661999,34619.531661986,4,1,11129700,-1
2019-12-10 09:36:59.533058999,34619.533058909,4,1,11129700,-1
2019-12-10 09:36:59.533827999,34619.533828037005,4,27,11129700,-1
2019-12-10 09:36:59.533827999,34619.533828037005,4,73,11129700,-1
2019-12-10 09:36:59.534626000,34619.53462576,4,1,11129700,-1
2019-12-10 09:36:59.536186999,34619.536187385,4,1,11129700,-1
2019-12-10 09:36:59.537764000,34619.537763881,4,1,11129700,-1
2019-12-10 09:36:59.539835000,34619.539835451,4,1,11129700,-1
2019-12-10 09:36:59.542460000,34619.54246025,4,1,11129700,-1
2019-12-10 09:37:00.058487000,34620.058486784,4,1,11129700,-1
2019-12-10 09:37:00.058662000,34620.058661784,4,1,11129700,-1
2019-12-10 09:37:00.060211000,34620.060210989,4,1,11129700,-1
2019-12-10 09:37:00.060253000,34620.060253242,4,2,11129700,-1
2019-12-10 09:37:00.062098000,34620.062097582,4,1,11129700,-1
2019-12-10 09:37:00.063985000,34620.063984706,4,1,11129700,-1
2019-12-10 09:37:00.065869000,34620.065868961,4,1,11129700,-1
2019-12-10 09:37:00.067748000,34620.067747757996,4,1,11129700,-1
2019-12-10 09:37:00.069633000,34620.069633132,4,1,11129700,-1
2019-12-10 09:37:00.071550000,34620.071549911,4,1,11129700,-1
2019-12-10 09:37:01.007177000,34621.007176602005,4,100,11129800,-1
2019-12-10 09:37:01.007177000,34621.007176602005,4,100,11129800,-1
2019-12-10 09:37:01.007260000,34621.007260378,4,100,11129800,-1
2019-12-10 09:37:01.018416000,34621.018416169,4,1,11132000,1
2019-12-10 09:37:01.204443000,34621.204443229,5,5,11131700,1
2019-12-10 09:37:01.204443000,34621.204443229,5,100,11134400,1
2019-12-10 09:37:01.204443000,34621.204443229,5,95,11135100,1
2019-12-10 09:37:06.156608000,34626.156608294,4,1,11133000,1
2019-12-10 09:37:06.896443000,34626.896442701,4,1,11135500,-1
2019-12-10 09:37:06.896618000,34626.896618159,4,1,11135500,-1
2019-12-10 09:37:06.898351000,34626.898351145,4,1,11135500,-1
2019-12-10 09:37:06.900085000,34626.900085358,4,1,11135500,-1
2019-12-10 09:37:06.901982000,34626.901981712996,4,1,11135500,-1
2019-12-10 09:37:06.903882000,34626.903882157,4,1,11135500,-1
2019-12-10 09:37:06.905777000,34626.9057768,4,1,11135500,-1
2019-12-10 09:37:06.907690000,34626.907690452004,4,1,11135500,-1
2019-12-10 09:37:06.909611000,34626.909610677,4,1,11135500,-1
2019-12-10 09:37:06.911677000,34626.911677246004,4,1,11135500,-1
2019-12-10 09:37:06.913782000,34626.913781587005,4,1,11135500,-1
2019-12-10 09:37:06.914837000,34626.91483721,4,89,11135500,-1
2019-12-10 09:37:06.915153000,34626.915153415,4,100,11135500,-1
2019-12-10 09:37:06.917714000,34626.91771397,4,1,11135200,1
2019-12-10 09:37:07.163707000,34627.163706504,4,10,11138000,-1
2019-12-10 09:37:07.163707000,34627.163706504,4,100,11138700,-1
2019-12-10 09:37:07.627311000,34627.627311231,4,1,11138000,1
2019-12-10 09:37:08.904193000,34628.904193189,4,1,11138800,-1
2019-12-10 09:37:08.904543000,34628.904542686,4,1,11138800,-1
2019-12-10 09:37:08.906276000,34628.906275751004,4,1,11138800,-1
2019-12-10 09:37:08.908350000,34628.908350301004,4,1,11138800,-1
2019-12-10 09:37:08.910248000,34628.910248441,4,1,11138800,-1
2019-12-10 09:37:08.912139000,34628.912138798,4,1,11138800,-1
2019-12-10 09:37:08.914193000,34628.914192642005,4,1,11138800,-1
2019-12-10 09:37:08.916100000,34628.916100426,4,1,11138800,-1
2019-12-10 09:37:08.917986000,34628.917986267996,4,1,11138800,-1
2019-12-10 09:37:08.919889000,34628.919889261,4,1,11138800,-1
2019-12-10 09:37:08.921480000,34628.921479671,4,90,11138800,-1
2019-12-10 09:37:08.932686000,34628.932686468,4,1,11140700,1
2019-12-10 09:37:14.180194000,34634.180193983,5,3,11146800,1
2019-12-10 09:37:14.180653000,34634.18065334,4,1,11144600,1
2019-12-10 09:37:14.692105000,34634.692104969,4,1,11143700,1
2019-12-10 09:37:14.692105000,34634.692104969,4,5,11143600,1
2019-12-10 09:37:14.692140000,34634.69214048,4,14,11143600,1
2019-12-10 09:37:14.692155000,34634.692155013996,4,2,11143600,1
2019-12-10 09:37:14.692177000,34634.692177277,4,8,11143600,1
2019-12-10 09:37:14.692186000,34634.69218569,4,100,11143700,-1
2019-12-10 09:37:14.697461000,34634.697461295,5,1,11145700,1
2019-12-10 09:37:14.820158000,34634.820157535,4,1,11143800,1
2019-12-10 09:37:14.821383000,34634.821382702,4,1,11143800,-1
2019-12-10 09:37:14.821625000,34634.821625216,4,23,11143800,-1
2019-12-10 09:37:15.222428000,34635.222427765,4,1,11143800,1
2019-12-10 09:37:15.223459000,34635.223459164,4,1,11143700,1
2019-12-10 09:37:15.224986000,34635.224986085,4,1,11143800,1
2019-12-10 09:37:19.223859000,34639.223858803,5,5,11145700,1
2019-12-10 09:37:19.223859000,34639.223858803,5,13,11145900,1
2019-12-10 09:37:19.225603000,34639.225603123,4,1,11146300,1
2019-12-10 09:37:21.194580000,34641.194579667004,5,1,11146700,1
2019-12-10 09:37:21.880747000,34641.88074695,4,1,11147800,-1
2019-12-10 09:37:21.880864000,34641.880864403,4,1,11147800,-1
2019-12-10 09:37:21.882298000,34641.882297733,4,1,11147800,-1
2019-12-10 09:37:21.883852000,34641.883851968996,4,1,11147800,-1
2019-12-10 09:37:21.885413000,34641.885412598,4,1,11147800,-1
2019-12-10 09:37:21.886961000,34641.886960526004,4,1,11147800,-1
2019-12-10 09:37:21.888509000,34641.888509247,4,1,11147800,-1
2019-12-10 09:37:21.890053000,34641.890053301,4,1,11147800,-1
2019-12-10 09:37:21.891608000,34641.891608076,4,1,11147800,-1
2019-12-10 09:37:21.893153000,34641.893153332,4,1,11147800,-1
2019-12-10 09:37:21.894703000,34641.894703165,4,1,11147800,-1
2019-12-10 09:37:21.896265000,34641.896265498,4,1,11147800,-1
2019-12-10 09:37:21.897811000,34641.897811484,4,1,11147800,-1
2019-12-10 09:37:21.899724000,34641.899723866,4,1,11147800,-1
2019-12-10 09:37:21.901661000,34641.9016611,4,1,11147800,-1
2019-12-10 09:37:21.903906000,34641.903905699,4,1,11147800,-1
2019-12-10 09:37:21.906142000,34641.906142314,4,1,11147800,-1
2019-12-10 09:37:22.049504000,34642.049504352,4,1,11147800,-1
2019-12-10 09:37:22.058173000,34642.058173043,4,1,11145800,1
2019-12-10 09:37:22.069128000,34642.069127709,4,1,11145800,1
2019-12-10 09:37:22.069456000,34642.069455868,5,5,11144200,1
2019-12-10 09:37:22.069456000,34642.069455868,5,4,11143900,1
2019-12-10 09:37:22.071162000,34642.071161804,4,1,11145700,1
2019-12-10 09:37:22.308656000,34642.308656334,4,82,11147800,-1
2019-12-10 09:37:22.308656000,34642.308656334,5,7,11147800,1
2019-12-10 09:37:22.363006000,34642.363005621,4,100,11147800,-1
2019-12-10 09:37:22.364211000,34642.364210685,5,13,11147800,1
2019-12-10 09:37:22.364211000,34642.364210685,5,2,11147800,1
2019-12-10 09:37:22.365638000,34642.365638347,4,100,11149700,-1
2019-12-10 09:37:22.368113000,34642.368113152,4,100,11149700,-1
2019-12-10 09:37:22.637150000,34642.637150089,4,100,11149800,-1
2019-12-10 09:37:22.816229000,34642.816229284,5,5,11148100,1
2019-12-10 09:37:23.681916000,34643.681916302005,4,27,11150000,-1
2019-12-10 09:37:23.682820000,34643.682820342,4,1,11150000,-1
2019-12-10 09:37:23.683007000,34643.683007069,4,1,11150000,-1
2019-12-10 09:37:23.685065000,34643.685065415,4,1,11150000,-1
2019-12-10 09:37:26.855757000,34646.855756541,4,1,11150000,-1
2019-12-10 09:37:26.857976000,34646.857976028,4,1,11150000,-1
2019-12-10 09:37:26.860195000,34646.860194532004,4,1,11150000,-1
2019-12-10 09:37:26.862439000,34646.862439202996,4,1,11150000,-1
2019-12-10 09:37:26.864661000,34646.864660939,4,1,11150000,-1
2019-12-10 09:37:28.721179000,34648.721178923,4,1,11149800,-1
2019-12-10 09:37:29.610272000,34649.610271584,4,2,11149800,-1
2019-12-10 09:37:29.716483000,34649.716483238,4,1,11149800,-1
2019-12-10 09:37:29.718727000,34649.718726796,4,1,11149800,-1
2019-12-10 09:37:29.899802000,34649.899801759,5,100,11148100,1
2019-12-10 09:37:29.899815000,34649.899815243,5,13,11145400,1
2019-12-10 09:37:29.911160000,34649.911160313,5,100,11144700,1
2019-12-10 09:37:30.277063000,34650.277062746,5,20,11144300,1
2019-12-10 09:37:30.277063000,34650.277062746,5,5,11144200,1
2019-12-10 09:37:30.277063000,34650.277062746,4,1,11144100,1
2019-12-10 09:37:30.277063000,34650.277062746,5,5,11144100,1
2019-12-10 09:37:30.277063000,34650.277062746,4,26,11144000,1
2019-12-10 09:37:30.277063000,34650.277062746,4,43,11144000,1
2019-12-10 09:37:30.277468000,34650.277468081,4,11,11144100,-1
2019-12-10 09:37:30.277544000,34650.277544311,4,78,11144100,-1
2019-12-10 09:37:30.277697000,34650.27769698,4,13,11143500,1
2019-12-10 09:37:30.277697000,34650.27769698,4,100,11143500,1
2019-12-10 09:37:30.278110000,34650.278109566,4,23,11141500,1
2019-12-10 09:37:30.279325000,34650.279324801,5,1,11141500,1
2019-12-10 09:37:30.279995000,34650.279995239,5,10,11135400,1
2019-12-10 09:37:30.294126000,34650.294125747,4,23,11139900,1
2019-12-10 09:37:30.294157000,34650.294157318,4,65,11139900,1
2019-12-10 09:37:30.294183000,34650.29418327,4,12,11139900,1
2019-12-10 09:37:30.294520000,34650.294519585,4,35,11139700,1
2019-12-10 09:37:30.354257000,34650.354257007995,5,1,11140500,1
2019-12-10 09:37:30.356228000,34650.356228315,5,1,11140500,1
2019-12-10 09:37:30.631337000,34650.631337205,4,1,11139400,-1
2019-12-10 09:37:31.875269000,34651.875269489,5,100,11143200,1
2019-12-10 09:37:31.875269000,34651.875269489,5,5,11143400,1
2019-12-10 09:37:31.875269000,34651.875269489,4,95,11143500,-1
2019-12-10 09:37:31.875307000,34651.875307129,4,5,11143500,-1
2019-12-10 09:37:31.875307000,34651.875307129,4,14,11143500,-1
2019-12-10 09:37:31.876755000,34651.876755458,4,86,11143500,-1
2019-12-10 09:37:32.401046000,34652.401046211,5,11,11148200,1
2019-12-10 09:37:36.407511000,34656.407511322,5,2,11146000,1
2019-12-10 09:37:37.120321000,34657.120320727,5,100,11149400,1
2019-12-10 09:37:37.818330000,34657.818329883,5,1,11149700,1
2019-12-10 09:37:37.818330000,34657.818329883,4,95,11149800,-1
2019-12-10 09:37:37.818330000,34657.818329883,4,4,11149900,-1
2019-12-10 09:37:37.818358000,34657.818358344,4,1,11149900,-1
2019-12-10 09:37:37.818358000,34657.818358344,4,99,11149900,-1
2019-12-10 09:37:37.818405000,34657.818404817,4,1,11149900,-1
2019-12-10 09:37:37.819212000,34657.819211739,5,100,11149900,1
2019-12-10 09:37:37.819320000,34657.819320406,4,10,11150000,-1
2019-12-10 09:37:37.819374000,34657.819374011,4,55,11150000,-1
2019-12-10 09:37:37.819374000,34657.819374011,4,45,11150000,-1
2019-12-10 09:37:37.819436000,34657.819435872,4,55,11150000,-1
2019-12-10 09:37:37.819579000,34657.81957934,4,55,11150100,-1
2019-12-10 09:37:37.824839000,34657.824839251,5,10,11150200,1
2019-12-10 09:37:37.906849000,34657.906849425,4,24,11152100,-1
2019-12-10 09:37:38.729974000,34658.729974448,4,16,11152100,-1
2019-12-10 09:37:41.499073000,34661.499073262996,4,1,11149800,1
2019-12-10 09:37:41.499073000,34661.499073262996,4,1,11149800,1
2019-12-10 09:37:43.401489000,34663.401489281,4,1,11149800,1
2019-12-10 09:37:44.171359000,34664.171358932996,4,1,11150600,1
2019-12-10 09:37:46.369065000,34666.369065376,4,1,11151300,1
2019-12-10 09:37:49.856308000,34669.856308058996,5,1,11147100,1
2019-12-10 09:37:55.672154000,34675.672154177,5,1,11146300,1
2019-12-10 09:37:55.672154000,34675.672154177,5,100,11142900,1
2019-12-10 09:37:55.672154000,34675.672154177,5,68,11142300,1
2019-12-10 09:37:55.672154000,34675.672154177,5,4,11142200,1
2019-12-10 09:38:04.650976000,34684.650976079,5,1,11149500,1
2019-12-10 09:38:06.745989000,34686.745989364,5,51,11149600,1
2019-12-10 09:38:06.745989000,34686.745989364,5,4,11149100,1
2019-12-10 09:38:06.745989000,34686.745989364,4,1,11149000,1
2019-12-10 09:38:06.745989000,34686.745989364,5,3,11149000,1
2019-12-10 09:38:06.747053000,34686.747053347004,4,1,11148800,1
2019-12-10 09:38:06.747053000,34686.747053347004,5,3,11148800,1
2019-12-10 09:38:06.748068000,34686.748067612,5,2,11149000,1
2019-12-10 09:38:06.748068000,34686.748067612,4,1,11148900,1
2019-12-10 09:38:06.748068000,34686.748067612,5,1,11148900,1
2019-12-10 09:38:06.750154000,34686.75015411,4,1,11149600,1
2019-12-10 09:38:06.750177000,34686.750176661,5,4,11147000,1
2019-12-10 09:38:06.750177000,34686.750176661,5,27,11145300,1
2019-12-10 09:38:06.752425000,34686.752425435,4,1,11149500,1
2019-12-10 09:38:06.754485000,34686.754484687,5,1,11150600,1
2019-12-10 09:38:06.754558000,34686.754558155,4,1,11149400,1
2019-12-10 09:38:06.758021000,34686.758021208,4,1,11149900,1
2019-12-10 09:38:06.758862000,34686.758861906004,5,1,11150600,1
2019-12-10 09:38:07.046359000,34687.046358617,5,22,11146800,1
2019-12-10 09:38:12.061258000,34692.061258292,5,51,11149000,1
2019-12-10 09:38:12.061258000,34692.061258292,5,4,11148400,1
2019-12-10 09:38:12.061258000,34692.061258292,5,10,11148400,1
2019-12-10 09:38:12.061258000,34692.061258292,4,35,11148300,1
2019-12-10 09:38:16.963698000,34696.963698294,5,36,11148400,1
2019-12-10 09:38:29.948190000,34709.948189582,4,1,11155700,1
2019-12-10 09:38:29.948244000,34709.948244491,5,9,11155800,1
2019-12-10 09:38:29.949769000,34709.949768899,5,100,11151000,1
2019-12-10 09:38:29.950239000,34709.950238697995,4,1,11154400,1
2019-12-10 09:38:29.950912000,34709.950912087,5,1,11155400,1
2019-12-10 09:38:29.950949000,34709.950948647995,5,1,11155700,1
2019-12-10 09:38:29.951933000,34709.951932739,4,1,11154300,1
2019-12-10 09:38:29.958537000,34709.958537198996,4,1,11155100,1
2019-12-10 09:38:29.962558000,34709.962557953,4,1,11155400,1
2019-12-10 09:38:30.091827000,34710.091827193,5,100,11157300,1
2019-12-10 09:38:30.501637000,34710.501637489,4,10,11155000,-1
2019-12-10 09:38:34.664095000,34714.664095171,4,1,11155000,1
2019-12-10 09:38:35.691034000,34715.691033633,4,1,11157400,-1
2019-12-10 09:38:35.692753000,34715.692753258,5,1,11157300,1
2019-12-10 09:38:36.187960000,34716.187960305,5,1,11157300,1
2019-12-10 09:38:36.390760000,34716.39075953,5,1,11158700,1
2019-12-10 09:38:36.409253000,34716.409252836,4,1,11157900,1
2019-12-10 09:38:36.409363000,34716.409362708,5,1,11158600,1
2019-12-10 09:38:36.409410000,34716.409409624,5,1,11158600,1
2019-12-10 09:38:36.409410000,34716.409409624,4,26,11159000,-1
2019-12-10 09:38:36.410848000,34716.410847835,4,13,11160000,-1
2019-12-10 09:38:36.410969000,34716.410969348,4,1,11160000,-1
2019-12-10 09:38:36.411670000,34716.411669873,4,1,11160000,-1
2019-12-10 09:38:36.412571000,34716.412571254,4,1,11160000,-1
2019-12-10 09:38:36.414285000,34716.414284738,4,1,11160000,-1
2019-12-10 09:38:36.421645000,34716.421644632,5,1,11159900,1
2019-12-10 09:38:36.501515999,34716.501516455,4,26,11157900,1
2019-12-10 09:38:36.501515999,34716.501516455,4,9,11157900,1
2019-12-10 09:38:42.118759000,34722.118758508,5,5,11153800,1
2019-12-10 09:38:42.118825000,34722.118824624,4,5,11153700,1
2019-12-10 09:38:42.120161000,34722.120160813,4,10,11153200,1
2019-12-10 09:38:42.138352000,34722.138351589,4,1,11153600,1
2019-12-10 09:38:42.628377000,34722.628376724,5,2,11156000,1
2019-12-10 09:38:49.910212000,34729.910211762,5,1,11157900,1
2019-12-10 09:38:49.910603000,34729.910603453,4,1,11158000,-1
2019-12-10 09:38:49.910754000,34729.910754193,4,100,11157900,1
2019-12-10 09:38:49.910972000,34729.910972247,4,1,11158000,-1
2019-12-10 09:38:49.911713000,34729.911713107,4,1,11158000,-1
2019-12-10 09:38:49.912327000,34729.912327355,4,1,11158000,-1
2019-12-10 09:38:49.913528000,34729.913528112,4,1,11158000,-1
2019-12-10 09:38:49.914485000,34729.914485,4,1,11158000,-1
2019-12-10 09:38:49.915234000,34729.915234435,4,1,11158000,-1
2019-12-10 09:38:50.005325000,34730.005324934,4,56,11158000,-1
2019-12-10 09:38:50.006344000,34730.006343994,4,1,11158000,-1
2019-12-10 09:38:50.008166000,34730.008166169,4,37,11158000,-1
2019-12-10 09:38:50.008203999,34730.008203588,4,11,11159700,1
2019-12-10 09:38:50.009601000,34730.009601056,4,1,11158000,-1
2019-12-10 09:38:50.133923999,34730.133923571004,5,1,11157900,1
2019-12-10 09:38:55.574952000,34735.574952481,5,23,11155900,1
2019-12-10 09:38:55.596666000,34735.596666211,5,25,11156600,1
2019-12-10 09:38:55.596742000,34735.596741606,4,22,11155200,1
2019-12-10 09:38:58.179399000,34738.179398535,4,28,11158000,-1
2019-12-10 09:38:58.179446000,34738.179446302005,4,9,11158000,-1
2019-12-10 09:38:58.179566000,34738.179566092,4,62,11158000,-1
2019-12-10 09:38:58.180713000,34738.180712646004,4,1,11158000,-1
2019-12-10 09:38:58.180735000,34738.180734697,4,1,11158000,-1
2019-12-10 09:38:58.182384000,34738.182384159,4,1,11158000,-1
2019-12-10 09:38:58.182940000,34738.182939879,4,1,11158000,-1
2019-12-10 09:38:58.184024000,34738.184023617,5,1,11157900,1
2019-12-10 09:38:58.185184000,34738.185184053,4,1,11158000,-1
2019-12-10 09:38:58.185625000,34738.185625182996,5,1,11157900,1
2019-12-10 09:38:58.187288000,34738.187288098,5,1,11157900,1
2019-12-10 09:38:58.187480000,34738.187479654,5,1,11157900,1
2019-12-10 09:38:58.189137000,34738.189137434,5,1,11157900,1
2019-12-10 09:38:58.190754000,34738.190754301,5,1,11157900,1
2019-12-10 09:38:58.192338000,34738.192337643995,4,1,11158000,-1
2019-12-10 09:38:58.194256000,34738.194256286,4,1,11158000,-1
2019-12-10 09:38:58.195835000,34738.195834883,4,1,11158000,-1
2019-12-10 09:38:58.197415000,34738.197415069,4,1,11158000,-1
2019-12-10 09:38:58.781606000,34738.781606353,4,91,11158000,-1
2019-12-10 09:38:58.781942000,34738.781941906,5,4,11157900,1
2019-12-10 09:38:58.781942000,34738.781941906,4,5,11158000,-1
2019-12-10 09:38:59.220833000,34739.220833137995,4,24,11158000,-1
2019-12-10 09:38:59.220865000,34739.220864667004,4,2,11158000,-1
2019-12-10 09:39:00.116985000,34740.116985455,4,4,11155800,1
2019-12-10 09:39:00.117047000,34740.117047011,5,2,11155800,1
2019-12-10 09:39:00.258419000,34740.258418918,4,9,11155800,-1
2019-12-10 09:39:00.261062000,34740.261061772995,4,8,11155800,-1
2019-12-10 09:39:00.264023000,34740.264022548996,4,8,11155800,-1
2019-12-10 09:39:00.264448000,34740.264447759,4,22,11154700,1
2019-12-10 09:39:00.265965999,34740.265966091,4,29,11154700,-1
2019-12-10 09:39:00.265994999,34740.265995151,4,2,11154700,-1
2019-12-10 09:39:00.266392000,34740.266392027996,4,1,11154200,1
2019-12-10 09:39:00.267400000,34740.267400152,4,22,11154200,-1
2019-12-10 09:39:00.267422000,34740.267422449,4,4,11154200,-1
2019-12-10 09:39:00.267444000,34740.267443958,4,44,11154200,-1
2019-12-10 09:39:00.267766000,34740.267766071,4,11,11154200,-1
2019-12-10 09:39:00.267772999,34740.267773145,4,1,11154100,1
2019-12-10 09:39:00.267814000,34740.267813637,5,21,11152800,1
2019-12-10 09:39:00.267814000,34740.267813637,4,9,11152200,1
2019-12-10 09:39:00.267895000,34740.26789524,4,21,11152200,1
2019-12-10 09:39:00.267961000,34740.2679612,4,7,11152200,-1
2019-12-10 09:39:00.268607000,34740.268607182996,4,35,11151700,1
2019-12-10 09:39:00.268612000,34740.268612009,4,100,11151400,1
2019-12-10 09:39:00.268612000,34740.268612009,4,67,11151400,1
2019-12-10 09:39:00.268642000,34740.268642181,4,33,11151400,1
2019-12-10 09:39:00.269786000,34740.269786323,4,1,11150000,1
2019-12-10 09:39:00.269852000,34740.269852458,4,1,11150000,-1
2019-12-10 09:39:00.270090000,34740.27008984,4,36,11150000,-1
2019-12-10 09:39:00.270121000,34740.270120582005,4,4,11150000,-1
2019-12-10 09:39:00.270387000,34740.270386829,4,59,11150000,-1
2019-12-10 09:39:00.270543000,34740.270542576,4,6,11152400,1
2019-12-10 09:39:00.270575000,34740.270574606,4,55,11152400,1
2019-12-10 09:39:00.270602000,34740.270602202,4,87,11152400,1
2019-12-10 09:39:00.272012000,34740.272012274,4,1,11152300,1
2019-12-10 09:39:00.274101000,34740.274101047995,4,1,11152300,1
2019-12-10 09:39:00.274249000,34740.274249422,5,1,11154100,1
2019-12-10 09:39:00.287930000,34740.28792968,4,1,11153000,1
2019-12-10 09:39:00.287938000,34740.287937566,4,1,11153000,1
2019-12-10 09:39:00.401558000,34740.401557743,5,5,11150100,1
2019-12-10 09:39:00.401558000,34740.401557743,4,2,11150000,1
2019-12-10 09:39:00.401558000,34740.401557743,4,1,11149500,1
2019-12-10 09:39:00.403041000,34740.403040966004,4,1,11149900,1
2019-12-10 09:39:00.403472000,34740.403472268,5,1,11152900,1
2019-12-10 09:39:00.407827000,34740.407826746,4,19,11148500,-1
2019-12-10 09:39:00.407828000,34740.407827897005,4,50,11148500,-1
2019-12-10 09:39:00.407832000,34740.407832427,4,31,11148500,-1
2019-12-10 09:39:00.408082000,34740.408082075,4,5,11151300,1
2019-12-10 09:39:00.408113000,34740.408112619,4,10,11151300,1
2019-12-10 09:39:00.408316000,34740.408316037996,4,1,11153200,1
2019-12-10 09:39:00.409218000,34740.409218156004,5,5,11150600,1
2019-12-10 09:39:00.409249000,34740.40924908,4,82,11148500,-1
2019-12-10 09:39:00.413737000,34740.413737371004,4,1,11152400,1
2019-12-10 09:39:00.414087000,34740.414086537,4,1,11152400,1
2019-12-10 09:39:05.815344000,34745.815344145,4,1,11147200,1
2019-12-10 09:39:05.816517000,34745.816516525,5,18,11145300,1
2019-12-10 09:39:05.816767000,34745.816767123,4,1,11149600,1
2019-12-10 09:39:06.581376000,34746.58137637,5,89,11149800,1
2019-12-10 09:39:06.581376000,34746.58137637,4,1,11149500,1
2019-12-10 09:39:06.583740000,34746.583740077,4,1,11149500,1
2019-12-10 09:39:06.586077000,34746.586077124,4,1,11149400,1
2019-12-10 09:39:06.588312000,34746.588312451,4,1,11149300,1
2019-12-10 09:39:07.918489000,34747.918488736,4,1,11149300,1
2019-12-10 09:39:07.919927000,34747.919926945,4,1,11149200,1
2019-12-10 09:39:07.923297000,34747.923297271,4,1,11149200,1
2019-12-10 09:39:07.926126000,34747.926125767,4,1,11149100,1
2019-12-10 09:39:08.429931000,34748.42993089,4,1,11149100,1
2019-12-10 09:39:09.556234000,34749.556233938,4,1,11149000,1
2019-12-10 09:39:09.557525000,34749.557525224,4,1,11149000,1
2019-12-10 09:39:10.086230000,34750.086229505,5,5,11148000,1
2019-12-10 09:39:10.086302000,34750.086301667005,4,5,11147900,1
2019-12-10 09:39:10.089412000,34750.089412136,4,1,11150500,1
2019-12-10 09:39:10.104761000,34750.10476055,4,1,11150900,1
2019-12-10 09:39:10.113647000,34750.11364688,4,1,11149000,1
2019-12-10 09:39:11.217136000,34751.217135711,4,1,11151500,1
2019-12-10 09:39:11.217848000,34751.217847878,5,1,11151500,1
2019-12-10 09:39:11.223049000,34751.223048799,5,1,11151500,1
2019-12-10 09:39:11.223758000,34751.223758449,5,1,11151500,1
2019-12-10 09:39:11.223793000,34751.223793368,5,1,11151500,1
2019-12-10 09:39:11.224308000,34751.224307522,5,1,11151500,1
2019-12-10 09:39:11.349621000,34751.349620919,5,1,11151500,1
2019-12-10 09:39:11.349621000,34751.349620919,4,99,11152600,-1
2019-12-10 09:39:11.976370000,34751.976370498,4,1,11152600,-1
2019-12-10 09:39:11.976460000,34751.976460104,4,9,11152600,1
2019-12-10 09:39:11.976493000,34751.97649274,4,40,11152600,1
2019-12-10 09:39:11.976569000,34751.976569462,4,1,11152600,1
2019-12-10 09:39:11.976595000,34751.976595053,4,50,11152600,1
2019-12-10 09:39:11.978091000,34751.978090791,4,1,11153200,1
2019-12-10 09:39:15.539493000,34755.539493038996,4,10,11150000,1
2019-12-10 09:39:15.539568000,34755.539567736,4,6,11150000,-1
2019-12-10 09:39:17.359595000,34757.35959544,4,1,11151100,1
2019-12-10 09:39:17.359595000,34757.35959544,4,1,11151100,1
2019-12-10 09:39:17.359641000,34757.359640716,5,58,11151000,1
2019-12-10 09:39:17.359810000,34757.359809877,5,20,11150800,1
2019-12-10 09:39:17.359810000,34757.359809877,5,2,11150200,1
2019-12-10 09:39:17.359810000,34757.359809877,4,78,11150100,1
2019-12-10 09:39:17.359839000,34757.3598385,4,22,11150100,1
2019-12-10 09:39:18.475907000,34758.475907019,5,5,11153400,1
2019-12-10 09:39:21.405532000,34761.405532052006,4,38,11153100,-1
2019-12-10 09:39:21.405536000,34761.40553582,4,5,11153100,-1
2019-12-10 09:39:21.405549000,34761.405549424,4,57,11153100,-1
2019-12-10 09:39:27.964842000,34767.964841837995,4,100,11155900,-1
2019-12-10 09:39:27.964859000,34767.964859397995,4,15,11155900,-1
2019-12-10 09:39:27.964871000,34767.964870615,4,5,11155900,-1
2019-12-10 09:39:27.964875000,34767.964874952995,4,3,11155900,-1
2019-12-10 09:39:27.964883000,34767.964882563,4,77,11155900,-1
2019-12-10 09:39:28.065922999,34768.065923468,4,1,11157300,1
2019-12-10 09:39:28.065922999,34768.065923468,4,1,11157300,1
2019-12-10 09:39:43.021822000,34783.021821889,5,1,11159900,1
2019-12-10 09:39:43.044461000,34783.044460636,5,3,11159800,1
2019-12-10 09:39:43.047064000,34783.047063679,4,19,11160000,-1
2019-12-10 09:39:43.047935000,34783.047934985,4,6,11160000,-1
2019-12-10 09:39:47.965241000,34787.96524061,5,50,11158700,1
2019-12-10 09:39:47.965241000,34787.96524061,4,50,11160000,-1
2019-12-10 09:39:47.965598000,34787.965598085,4,1,11160000,-1
2019-12-10 09:39:47.965853000,34787.965852894,4,3,11160000,-1
2019-12-10 09:39:47.966098000,34787.966098072,4,100,11160000,-1
2019-12-10 09:39:47.966140000,34787.966139713,4,804,11160000,-1
2019-12-10 09:39:47.966140000,34787.966139713,4,20,11160000,-1
2019-12-10 09:39:47.966140000,34787.966139713,4,5,11160000,-1
2019-12-10 09:39:47.966140000,34787.966139713,4,100,11160000,-1
2019-12-10 09:39:47.966197000,34787.966196738,4,63,11160300,-1
2019-12-10 09:39:47.966226000,34787.966225642005,4,5,11160300,-1
2019-12-10 09:39:47.966430000,34787.966430288,5,89,11160100,1
2019-12-10 09:39:47.966430000,34787.966430288,5,5,11160000,1
2019-12-10 09:39:47.966469000,34787.966468877996,4,6,11160000,-1
2019-12-10 09:39:47.982547000,34787.982547023,4,1,11160900,1
2019-12-10 09:39:47.982587000,34787.982586633,4,15,11161200,-1
2019-12-10 09:39:47.982669000,34787.982669072,4,15,11160900,1
2019-12-10 09:39:49.710980000,34789.710979507996,5,2,11158200,1
2019-12-10 09:39:51.265274000,34791.265273638,5,2,11156000,1
2019-12-10 09:39:51.533080000,34791.533079862995,4,1,11160400,1
2019-12-10 09:39:51.533209999,34791.533210272995,5,1,11161500,1
2019-12-10 09:39:51.533247000,34791.533247237996,4,29,11162100,1
2019-12-10 09:39:51.537183000,34791.537183126,4,1,11162200,1
2019-12-10 09:39:51.537279000,34791.537279218996,5,1,11162900,1
2019-12-10 09:39:51.537279000,34791.537279218996,5,1,11163000,1
2019-12-10 09:39:51.537314000,34791.537313844,4,99,11163000,1
2019-12-10 09:39:51.548700000,34791.548699738,4,1,11163500,1
2019-12-10 09:39:51.548700000,34791.548699738,4,1,11163500,1
2019-12-10 09:39:55.452011000,34795.452011107,5,5,11169000,1
2019-12-10 09:39:56.603070000,34796.603069858,5,5,11164700,1
2019-12-10 09:39:56.603070000,34796.603069858,4,5,11164600,1
2019-12-10 09:39:56.603070000,34796.603069858,4,1,11164600,1
2019-12-10 09:39:56.603142000,34796.603142363,4,18,11164600,-1
2019-12-10 09:39:56.603144000,34796.603143592,4,2,11164600,-1
2019-12-10 09:39:56.606814000,34796.606813515,4,1,11166300,1
2019-12-10 09:39:56.606907000,34796.606907379,4,70,11166300,1
2019-12-10 09:39:56.607579000,34796.607578531,5,1,11167200,1
2019-12-10 09:39:56.607579000,34796.607578531,4,49,11167300,-1
2019-12-10 09:39:56.607605000,34796.607604776,4,1,11167300,-1
2019-12-10 09:39:56.607691000,34796.607691408,4,18,11166300,1
2019-12-10 09:39:56.607759000,34796.607758965,4,31,11166300,1
2019-12-10 09:39:56.607759000,34796.607758965,4,1,11166300,1
2019-12-10 09:39:56.608061000,34796.608060826,4,1,11166200,1
2019-12-10 09:39:56.609381000,34796.609380634,4,1,11166200,1
2019-12-10 09:39:56.610848000,34796.610848047996,4,1,11166600,1
2019-12-10 09:39:56.610883000,34796.610882611,4,1,11166600,1
2019-12-10 09:39:56.612901000,34796.612901353,4,1,11167300,-1
2019-12-10 09:39:56.613190000,34796.613189776,4,99,11167300,-1
2019-12-10 09:39:56.614480000,34796.614480395,4,1,11167300,-1
2019-12-10 09:39:56.615010000,34796.615009811,4,1,11167300,-1
2019-12-10 09:39:56.616058000,34796.616058315,4,1,11167300,-1
2019-12-10 09:39:56.617099000,34796.617099435,4,1,11167300,-1
2019-12-10 09:39:56.617627000,34796.617627379,4,1,11167300,-1
2019-12-10 09:39:56.619199000,34796.619198897,4,1,11167300,-1
2019-12-10 09:39:56.619220000,34796.619219894,4,1,11167300,-1
2019-12-10 09:39:56.621454000,34796.621453645,5,1,11167200,1
2019-12-10 09:39:56.623188000,34796.623188467005,4,1,11167300,-1
2019-12-10 09:39:56.624910000,34796.624909747,4,1,11167300,-1
2019-12-10 09:39:56.626457000,34796.626457308,4,1,11167300,-1
2019-12-10 09:39:56.628005000,34796.628005473,4,1,11167300,-1
2019-12-10 09:39:56.629733000,34796.629733471,4,1,11167300,-1
2019-12-10 09:39:56.631451000,34796.631450978,5,1,11167200,1
2019-12-10 09:39:57.196531000,34797.196530823,5,1,11161800,1
2019-12-10 09:39:58.402984000,34798.402983916,4,1,11160600,1
2019-12-10 09:39:58.403079000,34798.403078819,4,2,11160600,-1
2019-12-10 09:39:58.403139000,34798.403139044,4,98,11160600,-1
2019-12-10 09:39:58.403177000,34798.403176899,4,10,11160600,-1
2019-12-10 09:39:58.430657000,34798.430657379,4,1,11160600,-1
2019-12-10 09:39:58.430683000,34798.430682861,4,71,11160600,-1
2019-12-10 09:39:58.431181000,34798.43118097,4,1,11160600,-1
2019-12-10 09:39:58.431215000,34798.431214659,4,5,11160600,-1
2019-12-10 09:39:58.431269000,34798.431268892,4,41,11164100,1
2019-12-10 09:39:58.565450000,34798.565450239,4,1,11165100,1
2019-12-10 09:39:58.565453000,34798.565453336,4,1,11165100,1
2019-12-10 09:40:00.605297000,34800.605296805,4,2,11162600,-1
2019-12-10 09:40:00.605308000,34800.605307776,4,5,11162600,-1
2019-12-10 09:40:00.605425000,34800.605425039,4,1,11162600,-1
2019-12-10 09:40:00.605680000,34800.605680477005,4,50,11162600,-1
2019-12-10 09:40:00.605714000,34800.605714259,4,42,11162600,-1
2019-12-10 09:40:00.605714000,34800.605714259,4,100,11162600,-1
2019-12-10 09:40:00.607239000,34800.607238935,4,1,11162600,-1
2019-12-10 09:40:00.607418000,34800.607418464,4,99,11162600,-1
2019-12-10 09:40:00.607451000,34800.607451416,4,1,11164100,1
2019-12-10 09:40:00.610916000,34800.610915822996,4,1,11165100,1
2019-12-10 09:40:00.610958000,34800.610957979,4,1,11165100,1
2019-12-10 09:40:11.623183000,34811.623183196,5,1,11161300,1
2019-12-10 09:40:11.623195000,34811.623194965,5,19,11161300,1
2019-12-10 09:40:11.623195000,34811.623194965,5,50,11160700,1
2019-12-10 09:40:11.623195000,34811.623194965,4,1,11160600,1
2019-12-10 09:40:11.623195000,34811.623194965,5,10,11160600,1
2019-12-10 09:40:11.623195000,34811.623194965,4,33,11160400,1
2019-12-10 09:40:11.623196000,34811.623196467,4,35,11160400,1
2019-12-10 09:40:11.623226000,34811.623225916,4,32,11160400,1
2019-12-10 09:40:11.623226000,34811.623225916,4,13,11160400,1
2019-12-10 09:40:11.623401000,34811.623401232006,4,39,11159700,1
2019-12-10 09:40:11.623490000,34811.62349004,4,100,11160600,-1
2019-12-10 09:40:11.623660000,34811.623660312005,4,11,11159700,1
2019-12-10 09:40:11.623678000,34811.623678341,4,35,11159700,1
2019-12-10 09:40:11.623978000,34811.623978364,4,1,11159100,1
2019-12-10 09:40:11.624209000,34811.624208695,4,1,11158400,1
2019-12-10 09:40:11.624318000,34811.624318104,4,1,11158400,1
2019-12-10 09:40:11.624436000,34811.624435685,4,1,11158400,1
2019-12-10 09:40:11.674707000,34811.674707035,5,58,11159400,1
2019-12-10 09:40:13.752666000,34813.752665826,5,5,11159600,1
2019-12-10 09:40:13.753915000,34813.753914682995,4,1,11160600,-1
2019-12-10 09:40:13.753938000,34813.753937703,4,1,11160600,-1
2019-12-10 09:40:13.755529000,34813.755528874,4,1,11160600,-1
2019-12-10 09:40:13.756276000,34813.756275749,4,8,11160600,-1
2019-12-10 09:40:13.756276000,34813.756275749,4,35,11160600,-1
2019-12-10 09:40:13.756276000,34813.756275749,4,1,11160600,-1
2019-12-10 09:40:13.756329000,34813.756328635,5,19,11160600,1
2019-12-10 09:40:13.756368000,34813.756367765,4,41,11160600,1
2019-12-10 09:40:13.756917000,34813.756916663,4,19,11162800,1
2019-12-10 09:40:13.756923000,34813.756922639,4,1,11162800,1
2019-12-10 09:40:13.756945000,34813.756944714,4,19,11162800,1
2019-12-10 09:40:13.760618000,34813.760618282,4,1,11163200,1
2019-12-10 09:40:16.437230000,34816.437230355,5,1,11162200,1
2019-12-10 09:40:16.439317000,34816.43931671,5,1,11163100,1
2019-12-10 09:40:16.439334000,34816.439333526,5,1,11163100,1
2019-12-10 09:40:16.445382000,34816.445381606,5,31,11163400,1
2019-12-10 09:40:16.446576000,34816.44657613,5,1,11163400,1
2019-12-10 09:40:16.448294000,34816.448294445,5,1,11163400,1
2019-12-10 09:40:16.927568000,34816.927567721,5,1,11163400,1
2019-12-10 09:40:16.929321000,34816.929321338,4,1,11163500,-1
2019-12-10 09:40:16.930882000,34816.930882106004,4,1,11163500,-1
2019-12-10 09:40:16.932470000,34816.932469757005,4,1,11163500,-1
2019-12-10 09:40:17.038219000,34817.038219456,4,1,11163500,-1
2019-12-10 09:40:17.039938000,34817.03993844,4,1,11163500,-1
2019-12-10 09:40:17.059188000,34817.059187706,4,1,11163500,-1
2019-12-10 09:40:17.060726000,34817.060726297,4,1,11163500,-1
2019-12-10 09:40:17.062269000,34817.062268707996,4,1,11163500,-1
2019-12-10 09:40:17.064026000,34817.064026228,4,1,11163500,-1
2019-12-10 09:40:17.075502000,34817.075502175,5,1,11163400,1
2019-12-10 09:40:17.077399000,34817.077398784,4,1,11163500,-1
2019-12-10 09:40:17.811231000,34817.811231217995,4,7,11161900,-1
2019-12-10 09:40:17.940661000,34817.940660537,4,3,11161900,-1
2019-12-10 09:40:17.941066000,34817.941066079,4,19,11163500,-1
2019-12-10 09:40:17.941120000,34817.941120466,4,71,11163500,-1
2019-12-10 09:40:17.941157000,34817.941156793,4,100,11163600,-1
2019-12-10 09:40:17.941164000,34817.941163735,4,45,11163600,-1
2019-12-10 09:40:17.941185000,34817.941185262,4,55,11163600,-1
2019-12-10 09:40:17.941185000,34817.941185262,4,1,11163600,-1
2019-12-10 09:40:17.941425000,34817.941424623,4,95,11163600,-1
2019-12-10 09:40:17.941435000,34817.941434625,4,5,11163600,-1
2019-12-10 09:40:17.971442000,34817.971441878995,4,1,11166200,1
2019-12-10 09:40:17.971534000,34817.971533769,4,1,11166700,1
2019-12-10 09:40:18.005518000,34818.005517657,4,95,11163200,-1
2019-12-10 09:40:18.005519000,34818.005518889,4,5,11163200,-1
2019-12-10 09:40:19.922272000,34819.922271715,5,100,11168100,1
2019-12-10 09:40:19.922272000,34819.922271715,5,58,11169000,1
2019-12-10 09:40:19.923470000,34819.923469811,4,1,11169100,-1
2019-12-10 09:40:20.460440000,34820.460440332005,4,5,11169100,-1
2019-12-10 09:40:20.460440000,34820.460440332005,4,2,11169100,-1
2019-12-10 09:40:20.460801000,34820.460801306,4,50,11170000,-1
2019-12-10 09:40:20.481650000,34820.481649557005,4,6,11171700,-1
2019-12-10 09:40:20.533085000,34820.533085078,4,1,11169200,1
2019-12-10 09:40:20.533085000,34820.533085078,4,1,11169200,1
2019-12-10 09:40:20.911772000,34820.911771948,5,100,11171000,1
2019-12-10 09:40:20.911772000,34820.911771948,5,5,11171600,1
2019-12-10 09:40:20.911772000,34820.911771948,4,94,11171700,-1
2019-12-10 09:40:20.911772000,34820.911771948,4,1,11171800,-1
2019-12-10 09:40:20.911844000,34820.911843585,4,100,11171700,1
2019-12-10 09:40:20.911848000,34820.911847824,4,2,11171800,-1
2019-12-10 09:40:20.921660000,34820.921660491,5,100,11168800,1
2019-12-10 09:40:21.015277000,34821.01527735,4,1,11171700,-1
2019-12-10 09:40:21.015448000,34821.01544834,4,1,11171700,-1
2019-12-10 09:40:21.032282000,34821.032281645,4,98,11171700,-1
2019-12-10 09:40:21.032282000,34821.032281645,4,100,11171700,-1
2019-12-10 09:40:21.046973000,34821.046972749,4,2,11171700,-1
2019-12-10 09:40:21.138260000,34821.138260284,4,98,11171700,-1
2019-12-10 09:40:21.138260000,34821.138260284,4,2,11171800,-1
2019-12-10 09:40:21.475114000,34821.475114169,4,1,11171700,-1
2019-12-10 09:40:21.497659000,34821.497659165,4,5,11171700,-1
2019-12-10 09:40:21.498637000,34821.498636512,4,1,11171700,-1
2019-12-10 09:40:21.500521000,34821.500521087,4,1,11171700,-1
2019-12-10 09:40:21.506291000,34821.506291405,4,1,11171700,-1
2019-12-10 09:40:21.510244999,34821.510245253,4,1,11171700,-1
2019-12-10 09:40:21.512656000,34821.512655578,4,1,11171700,-1
2019-12-10 09:40:21.515582000,34821.515581929,4,1,11171700,-1
2019-12-10 09:40:21.518679000,34821.518679319,4,1,11171700,-1
2019-12-10 09:40:21.521584000,34821.521583542,4,1,11171700,-1
2019-12-10 09:40:25.905976000,34825.905975581,5,1,11170600,1
2019-12-10 09:40:25.907736000,34825.907736,4,1,11171700,-1
2019-12-10 09:40:25.908259000,34825.908258607,4,1,11171700,-1
2019-12-10 09:40:25.909375000,34825.909374612005,4,77,11171700,-1
2019-12-10 09:40:25.909854000,34825.909853617995,4,1,11171700,-1
2019-12-10 09:40:25.909875000,34825.909875373996,4,1,11171700,-1
2019-12-10 09:40:25.911412000,34825.911411643,4,1,11171700,-1
2019-12-10 09:40:25.911945000,34825.911944652005,4,1,11171700,-1
2019-12-10 09:40:25.913009000,34825.913009282995,4,1,11171700,-1
2019-12-10 09:40:25.914555000,34825.914554712996,4,1,11171700,-1
2019-12-10 09:40:25.916156000,34825.916155989,4,1,11171700,-1
2019-12-10 09:40:25.917762000,34825.917762301004,4,1,11171700,-1
2019-12-10 09:40:25.918556000,34825.918555617995,4,1,11171700,-1
2019-12-10 09:40:25.919335000,34825.919334697996,4,1,11171700,-1
2019-12-10 09:40:25.920924000,34825.920923586,4,1,11171700,-1
2019-12-10 09:40:25.921002000,34825.921002004,4,6,11171700,-1
2019-12-10 09:40:25.922477000,34825.922476701,4,1,11171700,-1
2019-12-10 09:40:25.924060000,34825.924060321,4,1,11171700,-1
2019-12-10 09:40:25.925647000,34825.925647034,4,1,11171700,-1
2019-12-10 09:40:25.926404000,34825.926404298,4,5,11171700,-1
2019-12-10 09:40:25.927183000,34825.927182602005,4,1,11171700,-1
2019-12-10 09:40:25.928731000,34825.928731029,4,1,11171700,-1
2019-12-10 09:40:25.929005000,34825.929005045,4,5,11171700,-1
2019-12-10 09:40:25.930286000,34825.930285698996,4,1,11171700,-1
2019-12-10 09:40:25.931835000,34825.931834731,4,1,11171700,-1
2019-12-10 09:40:25.931964000,34825.931963983996,4,5,11171700,-1
2019-12-10 09:40:25.933401000,34825.933401099,4,1,11171700,-1
2019-12-10 09:40:25.934936000,34825.93493631,4,1,11171700,-1
2019-12-10 09:40:26.888489000,34826.888489204,4,1,11171700,-1
2019-12-10 09:40:26.888522000,34826.888521792,4,15,11171700,-1
2019-12-10 09:40:26.888562000,34826.888562487,4,50,11171700,-1
2019-12-10 09:40:26.888600000,34826.888600244,4,5,11171800,-1
2019-12-10 09:40:26.888609000,34826.888608806,4,90,11171800,-1
2019-12-10 09:40:26.888609000,34826.888608806,4,5,11171800,-1
2019-12-10 09:40:26.888650000,34826.888649677,4,22,11171800,-1
2019-12-10 09:40:26.888656000,34826.888655576004,4,73,11171800,-1
2019-12-10 09:40:26.888656000,34826.888655576004,4,27,11171800,-1
2019-12-10 09:40:26.888769000,34826.888769004,4,73,11171800,-1
2019-12-10 09:40:26.888855000,34826.888854851,4,1,11173000,-1
2019-12-10 09:40:26.888859000,34826.888859223,4,5,11173000,-1
2019-12-10 09:40:26.888875000,34826.888874674,4,5,11173100,-1
2019-12-10 09:40:26.888875000,34826.888874674,4,16,11175000,-1
2019-12-10 09:40:26.889146000,34826.889145682995,4,100,11173100,-1
2019-12-10 09:40:26.904454000,34826.904453622,5,5,11174900,1
2019-12-10 09:40:26.904454000,34826.904453622,4,78,11175000,-1
2019-12-10 09:40:26.904500000,34826.90449954,4,6,11175000,-1
2019-12-10 09:40:27.019810000,34827.019809984,4,99,11173700,1
2019-12-10 09:40:27.105729000,34827.105729092,4,1,11173800,1
2019-12-10 09:40:30.693094000,34830.693094254,5,19,11170500,1
2019-12-10 09:40:30.693094000,34830.693094254,5,5,11168100,1
2019-12-10 09:40:30.693094000,34830.693094254,5,3,11168000,1
2019-12-10 09:40:30.693094000,34830.693094254,5,5,11167900,1
2019-12-10 09:40:30.693094000,34830.693094254,5,31,11167800,1
2019-12-10 09:40:34.019944000,34834.019943693,5,1,11174500,1
2019-12-10 09:40:34.022228000,34834.022228499,5,21,11174300,1
2019-12-10 09:40:34.022990000,34834.022989897996,5,5,11174900,1
2019-12-10 09:40:34.022990000,34834.022989897996,4,14,11175000,-1
2019-12-10 09:40:34.023239000,34834.023239183,4,1,11175000,-1
2019-12-10 09:40:34.023404000,34834.023403531,4,1,11175000,-1
2019-12-10 09:40:34.024808000,34834.024808272996,4,1,11175000,-1
2019-12-10 09:40:34.025854000,34834.025853843996,4,1,11175000,-1
2019-12-10 09:40:34.026561000,34834.026560695,4,1,11175000,-1
2019-12-10 09:40:34.028205000,34834.028205249,4,1,11175000,-1
2019-12-10 09:40:34.028228000,34834.028228099996,4,1,11175000,-1
2019-12-10 09:40:34.029769000,34834.029768937005,4,1,11175000,-1
2019-12-10 09:40:34.035056000,34834.035055852,4,24,11175000,-1
2019-12-10 09:40:34.035509000,34834.035509347996,4,1,11175000,-1
2019-12-10 09:40:34.035877000,34834.035876698,4,1,11175000,-1
2019-12-10 09:40:34.037146000,34834.037146199,4,1,11175000,-1
2019-12-10 09:40:34.041135000,34834.041134998,4,1,11173800,1
2019-12-10 09:40:34.042345000,34834.042345303,4,51,11175000,-1
2019-12-10 09:40:34.042345000,34834.042345303,4,100,11175000,-1
2019-12-10 09:40:34.042345000,34834.042345303,4,100,11175000,-1
2019-12-10 09:40:34.115391000,34834.115391295,4,1,11174000,1
2019-12-10 09:40:34.468466000,34834.468466394,5,5,11174800,1
2019-12-10 09:40:34.468489000,34834.468488784,4,23,11175000,-1
2019-12-10 09:40:34.469572000,34834.469571576,4,1,11175000,-1
2019-12-10 09:40:34.469754000,34834.46975442,4,1,11175000,-1
2019-12-10 09:40:34.471149000,34834.471148707,5,89,11174900,1
2019-12-10 09:40:34.471149000,34834.471148707,5,5,11174900,1
2019-12-10 09:40:34.471149000,34834.471148707,4,75,11175000,-1
2019-12-10 09:40:34.471149000,34834.471148707,4,31,11175000,-1
2019-12-10 09:40:34.472369000,34834.472369251,4,1,11175000,-1
2019-12-10 09:40:34.482329000,34834.482328987004,4,1,11175000,-1
2019-12-10 09:40:34.484994000,34834.484993683,4,23,11175000,-1
2019-12-10 09:40:34.501687000,34834.501687102005,4,1,11175000,-1
2019-12-10 09:40:35.459541000,34835.459541415,4,1,11175000,-1
2019-12-10 09:40:35.459572000,34835.459572126,4,32,11175000,-1
2019-12-10 09:40:35.606380000,34835.606380032004,4,1,11175000,-1
2019-12-10 09:40:36.213276000,34836.213275796,4,9,11175000,-1
2019-12-10 09:40:36.213276000,34836.213275796,4,89,11175000,-1
2019-12-10 09:40:36.213276000,34836.213275796,4,1,11175700,-1
2019-12-10 09:40:36.213410000,34836.213410397,4,3,11175700,-1
2019-12-10 09:40:36.216009000,34836.21600862,4,4,11175700,-1
2019-12-10 09:40:36.218944000,34836.218944044,4,2,11175700,-1
2019-12-10 09:40:36.218944000,34836.218944044,4,2,11175700,-1
2019-12-10 09:40:36.222125000,34836.222125178996,4,4,11175700,-1
2019-12-10 09:40:36.224884000,34836.224884167,4,4,11175700,-1
2019-12-10 09:40:37.214680000,34837.214680459,4,13,11175000,-1
2019-12-10 09:40:37.233773000,34837.233773079,5,2,11174900,1
2019-12-10 09:40:37.233773000,34837.233773079,4,87,11175000,-1
2019-12-10 09:40:37.233773000,34837.233773079,4,11,11175000,-1
2019-12-10 09:40:42.368094000,34842.36809424,4,1,11170800,1
2019-12-10 09:40:42.368123000,34842.368122612,5,2,11170800,1
2019-12-10 09:40:42.368123000,34842.368122612,5,8,11170600,1
2019-12-10 09:40:42.368147000,34842.368146883,5,100,11174600,1
2019-12-10 09:40:42.368496000,34842.368495557,4,1,11169800,1
2019-12-10 09:40:42.368496000,34842.368495557,4,9,11169800,1
2019-12-10 09:40:42.371496000,34842.371496472,4,20,11169200,1
2019-12-10 09:40:42.391288000,34842.391288114,5,5,11170100,1
2019-12-10 09:40:42.391288000,34842.391288114,4,3,11170200,-1
2019-12-10 09:40:42.425969000,34842.425968564,4,1,11170000,1
2019-12-10 09:40:42.425969000,34842.425968564,4,7,11170000,1
2019-12-10 09:40:42.426011000,34842.42601103,4,7,11169200,-1
2019-12-10 09:40:42.426014000,34842.42601392,4,1,11169200,-1
2019-12-10 09:40:42.426020000,34842.426020171,4,13,11169200,-1
2019-12-10 09:40:42.426316000,34842.426315658,4,1,11169200,-1
2019-12-10 09:40:42.428649000,34842.42864916,4,12,11169200,-1
2019-12-10 09:40:42.431653000,34842.431653286,4,11,11169200,-1
2019-12-10 09:40:42.434643000,34842.434643475,4,11,11169200,-1
2019-12-10 09:40:42.437640000,34842.437640305,4,10,11169200,-1
2019-12-10 09:40:42.440653000,34842.440652879,4,9,11169200,-1
2019-12-10 09:40:42.443622000,34842.443621613,4,9,11169200,-1
2019-12-10 09:40:42.446602000,34842.446601547,4,8,11169200,-1
2019-12-10 09:40:42.602770000,34842.602769769,4,1,11170300,1
2019-12-10 09:40:42.737644000,34842.737644278,4,1,11169400,1
2019-12-10 09:40:42.809051000,34842.809051075,5,5,11171000,1
